2510 3250
1223 136 1270 174 12

248 255 416 309 Denique
460 261 582 309 ipsum
622 260 774 298 verbum
816 260 1099 298 adversandi
1141 263 1199 298 est
1242 258 1517 314 ἀνταγορεύειν,
1558 261 1655 310 quod
1697 261 1875 311 scriptum
1905 257 2046 310 ⁴legitur
2074 261 2189 299 «³130
2210 258 2356 310 ’μήποτε

122 325 250 371 μέντοι
279 328 341 360 καὶ
361 324 380 362 ὁ
400 324 646 372 Ἀρίσταρχος
666 326 919 371 συγκατέθετο
937 325 982 378 τῇ
1002 323 1190 372 ἄθετῆσει,
1217 326 1335 374 μηδὲν
1364 325 1591 363 οἶντειπώ
1605 339 1625 362 ν
1652 325 1704 375 τῷ
1730 325 1996 374 Ἀριστοφάνει
2009 339 2023 373 ;
2049 326 2073 362 i.
2092 337 2126 363 e.
2152 325 2248 363 haud
2265 325 2354 369 scio,

123 397 170 420 an
199 397 371 422 assensus
401 386 463 430 sit,
493 397 543 422 sc.
574 385 820 434 Aristophani
850 385 915 422 hoc
942 397 1069 422 versus
1098 385 1249 430 delenti,
1277 387 1388 423 etiam
1418 386 1655 423 Aristarchus
1684 388 1716 424 ei
1747 398 1833 423 non
1860 387 2157 424 adversatus.
2344 395 2346 397 “

717 570 750 608 b.
785 570 1062 608 lectionem
1098 570 1319 618 probare
1354 570 1434 608 vel
1468 571 1772 620 improbare.

252 653 460 689 Admodum
490 651 604 696 varia,
645 655 685 689 ut
712 664 771 690 res
802 664 925 690 secum
968 651 1052 697 fert,
1096 651 1164 689 hoc
1203 654 1238 689 in
1282 664 1416 699 genere
1457 656 1543 690 sunt
1581 652 1705 698 verba,
1754 652 1947 690 verborum
1986 653 2167 696 notiones,
2207 651 2354 690 dicendi

123 715 309 752 rationes:
340 716 543 750 Συναινεῑν
580 714 855 752 collaudare
890 714 1147 751 lectionem
1186 716 1303 752 ‚4754
1331 714 1379 752 δι’
1411 712 1694 763 ἅσπιδέος]·και“
1723 713 1939 762 Ζηνόδοτος
1977 714 2018 751 δὲ
2045 722 2285 752 συναινεΐ
2309 711 2355 768 τῇ

122 781 210 827 δίχα
239 780 305 816 τοῦ
330 777 358 815 ῖὲ
387 780 524 832 γραφῇ,
556 778 623 825 (sc.
649 779 715 816 διά
738 779 918 826 σπιδέος).

250 850 548 902 ΙΙαραδέζεσθαι
594 851 745 889 verbum
791 852 879 900 quid
925 852 984 895 sit,
1030 852 1178 900 saepius
1224 851 1393 888 dubitare
1442 852 1594 900 poteris.
1684 852 1721 898 1)
1766 850 1933 889 Proxime
1980 852 2125 890 accedit
2168 853 2354 891 interdum

122 917 168 955 ad
197 917 311 953 verba
339 915 405 952 illa
432 916 668 964 ἐκδέχεσθαι,
697 914 860 962 α’κούειν,
889 924 1000 961 νοεῖν,
1029 919 1066 952 ut
1094 916 1143 952 sit
1170 916 1414 965 accipere,
1443 916 1751 964 intelligere,
1780 928 1812 953 e.
1832 928 1867 964 g.
1894 917 1979 954 ΣΙΟ
2004 916 2263 964 Μυρμιδόνων
2286 916 2355 954 τδν

122 980 289 1027 ἄριστον,
330 990 380 1015 sc.
410 974 648 1026 Πάτροκλον]
689 977 838 1014 suerunt
865 978 974 1023 enim,
1016 979 1075 1026 qui
1114 983 1294 1026 negarent
1322 977 1589 1027 Myrmidonem
1619 991 1641 1016 a
1670 983 1782 1027 poeta
1809 977 2016 1016 Patroclum
2047 978 2119 1016 dici
2148 990 2269 1027 posse,
2313 983 2353 1017 ut

121 1041 290 1079 delerent
318 1040 381 1077 hos
411 1051 549 1084 versus,
594 1041 652 1076 cui
682 1043 804 1076 tamen
834 1039 1045 1076 difficultati
1075 1040 1308 1077 Aristarchus
1347 1040 1542 1077 subvenire
1583 1040 1727 1077 studet:
1768 1039 1846 1077 δεῖν
1891 1040 1931 1075 δέ
1958 1051 2073 1088 ([ησιν
2111 1040 2354 1088 ’Λρίσταρχος

122 1101 237 1144 οὕτως
264 1100 358 1138 αιῗτὸ
385 1102 819 1148 παραδέχεσθαι·
849 1100 917 1137 τόν
942 1100 1037 1148 μετά
1064 1100 1129 1138 τόν
1157 1101 1314 1149 ἄριστον
1333 1103 1408 1140 τῶν
1429 1101 1700 1149 Μυρμιδόνων,
1727 1102 1750 1138 i.
1773 1114 1804 1139 e.
1826 1113 1955 1139 versus
1976 1102 2028 1139 ita
2055 1101 2352 1150 accipiendos

120 1163 197 1200 sive
226 1162 568 1208 intelligendos
598 1173 679 1199 esse
709 1162 810 1206 dicit,
841 1164 882 1198 ut
907 1162 957 1197 sit
982 1172 1133 1198 sensus:
1171 1174 1264 1206 eum,
1293 1163 1354 1212 qui
1382 1166 1467 1211 post
1493 1162 1734 1199 fortissimum
1764 1161 2046 1211 Myrmidonum,
2074 1173 2125 1199 sc.
2155 1162 2353 1209 Achillem,

120 1225 282 1262 secundo
313 1226 418 1273 quasi
448 1225 529 1262 loco
559 1225 720 1273 optimus
750 1226 841 1260 erat.
898 1221 974 1260 Nec
998 1235 1071 1260 non
1100 1224 1227 1261 eodem
1258 1225 1364 1261 modo
1393 1225 1542 1262 verbum
1572 1224 1918 1273 interpretabimur,
1947 1224 2009 1261 ubi
2029 1224 2196 1273 quaestio
2217 1225 2287 1261 crit
2306 1224 2352 1261 de

120 1286 276 1334 singulis
307 1287 456 1324 vocibus
485 1286 544 1324 vel
574 1288 609 1323 in
639 1286 734 1323 hunc
761 1285 819 1322 vel
848 1286 884 1321 in
914 1285 1014 1321 illum
1046 1286 1192 1322 modum
1224 1287 1450 1335 accipiendis
1479 1291 1590 1334 atque
1618 1286 1903 1323 subaudiendis:
1937 1287 2051 1323 211319
2080 1285 2164 1323 ἀλλ’
2186 1283 2238 1335 ὃς]
2267 1284 2351 1333 ’Λρ.

119 1352 247 1396 μέντοι
278 1348 392 1391 ἄλλος
420 1347 666 1394 α’νεγίνωσκεν
694 1345 737 1384 οὐ
762 1346 1198 1395 παραδεχόμενος
1225 1346 1266 1383 τό
1295 1347 1457 1395 ἄρθρον,
1497 1348 1520 1384 i.
1545 1360 1575 1384 e.
1605 1347 1798 1384 articulum
1828 1346 1868 1391 ὂς
1909 1359 1994 1384 non
2037 1347 2350 1387 subaudiens:

119 1411 237 1448 simm.
268 1412 348 1448 130.

245 1474 283 1512 2)
314 1473 456 1510 Deinde
498 1474 555 1509 est
597 1483 787 1508 causam
821 1471 975 1508 alicuius
1005 1475 1041 1508 et
1082 1473 1337 1508 rationem
1375 1472 1619 1519 probare:
1667 1474 1783 1510 A409
1812 1470 1934 1519 τόνδε]
1961 1472 2117 1518 ἔφαμεν,
2161 1471 2215 1508 ὅτι
2242 1470 2352 1518 παρά

119 1532 170 1585 τῴ
198 1531 333 1588 ποιητῇ
362 1533 381 1583 ἡ
409 1532 475 1571 dui
503 1530 569 1572 τοῦ
610 1531 644 1571 οἶ
668 1533 729 1570 ἐπὶ
756 1530 891 1582 ταύτης
916 1530 979 1581 τῆς
1002 1531 1241 1581 οἷντωνυμίας
1267 1533 1464 1576 ἐπέκτασις
1491 1536 1661 1571 σπανίως
1682 1536 1752 1581 μὲν
1777 1532 1914 1580 εὑρέθη
1938 1531 1997 1568 ἐπ’
2020 1529 2233 1579 οἷναᾳορὰς,
2260 1530 2352 1567 ὥστε

119 1597 230 1633 οὐδὲν
257 1595 434 1632 κεκώλυκε
455 1601 518 1631 καὶ
545 1594 687 1631 ἐνθάδε
714 1592 757 1631 τό
776 1592 925 1630 τοιοῦτο
954 1608 1055 1640 παρ
1070 1609 1093 1630 α
1109 1594 1231 1634 diga
1246 1606 1268 1630 σ
1282 1601 1307 1632 θ
1324 1609 1399 1640 αι,·
1429 1596 1597 1643 exposito
1618 1595 1729 1640 igitur
1751 1600 1882 1642 poetae
1903 1595 2049 1630 dicendi
2069 1605 2135 1629 usu
2154 1593 2352 1630 scholiasta

118 1658 258 1707 pergit:
291 1658 416 1705 itaque
444 1655 534 1692 nihil
563 1656 828 1705 impedimento
858 1659 926 1699 est,
957 1655 1044 1703 quin
1073 1654 1130 1692 hic
1160 1668 1303 1706 quoque
1331 1658 1488 1694 similem
1518 1656 1865 1704 comprobemus
1907 1655 2075 1692 lectionis
2112 1655 2351 1696 rationem,

243 1719 282 1765 3)
312 1717 477 1767 Denique
506 1717 750 1755 lectionem
781 1717 899 1767 ipsam
929 1717 1133 1766 probare
1173 1718 1465 1766 παραδέχεσθαι
1505 1723 1560 1755 est
1590 1717 1698 1754 [242
1727 1718 1788 1753 ἐπὶ
1815 1717 1855 1753 δὲ
1886 1716 1926 1752 τὸ
1952 1716 2078 1754 πολλοὶ
2106 1715 2126 1753 ὁ
2155 1716 2260 1763 λόγος
2283 1720 2352 1763 μὲν

118 1782 215 1830 αἱρεῖ
241 1781 307 1827 (sc.
335 1778 455 1828 βραχιῖ
481 1779 744 1825 διαστέλλειν),
784 1778 850 1816 διά
879 1780 918 1816 δὲ
959 1778 1025 1828 τήν
1054 1778 1293 1828 συναλοιᾳην
1326 1779 1370 1817 οιῗ
1410 1782 1744 1827 παραδεκτέα
1784 1777 1806 1826 ἦ
1835 1778 2057 1826 οἷνάγνωσις,
2097 1779 2120 1815 i.
2142 1791 2173 1816 e.
2201 1778 2351 1817 lectio

115 1844 194 1881 sive
222 1841 419 1880 verborum
450 1839 639 1876 distinctio
671 1850 740 1876 non
770 1845 826 1877 est·
854 1841 1117 1890 probanda.

243 1915 283 1950 In
312 1914 439 1950 horum
478 1912 671 1948 verborum
714 1924 865 1949 numero
904 1916 1041 1966 κρίνειν
1082 1925 1226 1961 quoque
1267 1915 1417 1951 verbum
1458 1916 1616 1964 simplex
1663 1915 1813 1962 eiusque
1857 1914 2098 1960 compositum
2138 1916 2351 1966 wag-'mv

117 1981 374 2032 reperiuntur:
413 1979 530 2018 „4754
557 1976 605 2015 δι’
636 1977 817 2022 ιῖσπιδέος
843 1975 1003 2027 πεδίοιο]
1033 1976 1053 2016 ὁ
1078 1978 1118 2015 δὲ
1146 1978 1319 2019 Ἀλεξίων
1358 1986 1420 2017 καὶ
1461 1979 1657 2029 α’μφότερα
1696 1982 1883 2029 κρίνει,
1924 1983 1987 2016 καὶ
2019 1977 2250 2022 ἄσπιδέος
2288 1990 2353 2023 καὶ

115 2045 270 2087 σπιδέος
298 2070 306 2078 .
337 2072 344 2078 .
376 2070 383 2077 .
415 2069 422 2077 .
450 2040 602 2089 Κράτης
629 2040 669 2076 δὲ
696 2043 937 2088 προκρίνει
964 2040 1033 2089 τήν
1060 2040 1125 2077 διοὶ
1149 2039 1214 2077 τοῦ
1241 2037 1270 2076 ’ἆ
1297 2040 1457 2090 γραφήν,
1484 2042 1508 2077 i.
1538 2054 1569 2078 e.
1601 2041 1794 2085 οἷσπιδέος.
1849 2041 1960 2077 Cuius
1990 2040 2121 2077 scholii
2155 2052 2349 2087 argumen-

116 2111 193 2143 tum
221 2107 253 2143 si
281 2105 409 2154 paucis
440 2102 731 2151 complectimur,
761 2101 849 2138 haec
878 2105 934 2138 est
961 2102 1076 2139 ratio:
1107 2102 1389 2140 scholiastarum
1410 2104 1473 2140 alii
1493 2104 1689 2141 lectionem
1718 2103 1900 2146 οἷσπιδέος
1928 2102 2220 2151 praeferunt,
2252 2103 2349 2140 velut

116 2167 350 2205 Ascalonites
379 2169 416 2203 et
443 2164 585 2209 Crates,
629 2164 690 2200 alii
720 2163 875 2206 σπιδέος
909 2165 1151 2212 comprobant
1178 2165 1279 2201 velut
1306 2164 1513 2202 Zenodotus
1543 2170 1580 2202 et
1609 2166 1789 2202 Amerias.
1846 2164 1977 2201 Alexio
2025 2176 2110 2201 vero
2153 2168 2347 2214 utrumque

116 2230 299 2267 ratione
336 2227 533 2277 quadam
567 2226 791 2273 agnoscit
826 2230 862 2262 et
896 2226 1082 2274 probat.
1138 2226 1335 2275 Utriusque
1376 2227 1546 2264 lectionis
1577 2228 1737 2264 rationes
1767 2239 1813 2263 ex
1845 2226 2049 2263 Aristarchi
2081 2226 2184 2264 libris
2214 2227 2348 2265 deinde

117 2292 269 2328 additae
298 2293 395 2326 sunt.
452 2286 697 2330 Quamobrem
728 2287 764 2322 in
798 2286 908 2322 dubio
938 2298 1017 2323 esse
1047 2287 1134 2323 mihi
1163 2300 1234 2323 non
1263 2289 1420 2330 videtur,
1450 2290 1537 2337 quin
1576 2292 1761 2337 κρίνειν
1793 2288 1845 2324 sit
1873 2300 1919 2324 ex
1962 2288 2147 2324 ratione
2190 2289 2347 2337 quadam

116 2365 368 2402 agnoscere
396 2352 473 2388 sive
502 2349 826 2398 comprobarc;
857 2349 901 2387 de
929 2353 1209 2397 προκρίνειν
1236 2351 1478 2398 praeferre
1507 2351 1654 2388 omnino
1684 2350 1845 2387 dubitari
1874 2362 1947 2387 non
1975 2354 2109 2398 potest.

243 2415 336 2452 Huic
363 2414 475 2450 verbo
505 2414 713 2461 proximum
744 2414 800 2448 est
827 2409 997 2457 οἷρέσκειν
1019 2411 1127 2447 E289
1150 2410 1394 2461 ταλαύρινον]
1425 2411 1601 2460 Τρύφωνι
1621 2411 1662 2447 δὲ
1682 2410 1827 2458 οἲρέσκει
1847 2411 1866 2448 ὁ
1888 2411 2143 2459 σχηματισμὸς
2166 2410 2349 2455 σύνθετος

114 2480 222 2527 εἶναι,
250 2482 273 2518 i.
297 2493 327 2517 e.
358 2478 546 2527 Tryphoni
574 2477 684 2514 lectio
727 2476 903 2525 placet,
946 2488 1019 2524 qua
1059 2476 1278 2512 adiectivum
1309 2476 1459 2523 fingitur
1489 2479 1749 2526 compositum3
1795 2478 2018 2513 contrarium
2048 2476 2208 2512 occurrit
2235 2477 2346 2513 A139

115 2540 195 2579 οὐκ
225 2542 303 2589 άρέ
319 2552 415 2577 σκει
444 2539 484 2575 δὲ
511 2532 767 2587 Ἀριστάρχῳζ
793 2549 844 2574 sc.
874 2536 894 2585 ἡ
921 2535 986 2574 dni
1014 2534 1079 2573 τοῦ
1106 2536 1253 2584 χαλκός,
1282 2549 1349 2573 nec
1377 2550 1463 2575 vero
1491 2538 1634 2584 χαλκόν
1661 2537 1801 2587 γραᾳή;
1829 2539 1946 2575 simui,
1966 2538 2201 2575 Β311Ε638
2222 2538 2346 2583 6233,

240 2603 339 2639 Idem
381 2602 459 2638 fere
501 2605 557 2638 est
600 2601 732 2636 λυπεῖν
770 2600 867 2648 apud
912 2600 1158 2636 Aristonicum
1194 2600 1303 2636 1149?
1345 2599 1537 2635 ἅθετεῑται
1568 2627 1763 2636 ......
1792 2598 1924 2635 καὶτὸ
1952 2597 2016 2634 δια
2045 2596 2158 2647 μῆτιν
2184 2596 2348 2646 Ἀθήνης

113 2670 289 2715 λυπεῖ,·
331 2667 354 2704 i.
376 2679 407 2704 e.
437 2678 564 2704 versus
593 2679 611 2704 e
641 2671 746 2703 texui
790 2665 942 2702 reicitur
971 2676 1051 2702 cum
1080 2663 1162 2701 aliis
1198 2664 1242 2701 de
1272 2665 1405 2708 causis,
1444 2667 1519 2700 tum
1548 2664 1634 2713 quia
1680 2664 1934 2715 displicent
1973 2663 2087 2701 verba
2129 2659 2195 2697 διοέ
2234 2657 2347 2712 μῆτιν

111 2731 294 2779 Ἀθήνης.

239 2792 293 2830 De
335 2790 518 2846 ἁρμόζειν
559 2796 595 2828 et
638 2803 732 2840 quae
775 2790 860 2827 inde
904 2789 1134 2826 deducuntur
1177 2789 1365 2826 vocabulis
1406 2790 1478 2827 iam
1521 2788 1805 2828 Leidenrotliius
1851 2790 1873 2827 1.
1906 2801 1936 2827 c.
1979 2788 2165 2833 disseruit,
2209 2790 2249 2823 ut
2288 2784 2346 2823 hic
