2510 3250
339 604 690 664 Commentarii
725 613 774 663 et
801 606 981 663 indicis
1014 606 1332 678 grammatici
1365 607 1429 663 ad
1464 605 1631 663 Iliadis
1664 606 1848 664 scholia
1888 607 2072 666 Veneta
2109 606 2153 665 A

1122 725 1258 801 Spec
1291 726 1364 785 III.

262 914 471 988 Quoniam
506 932 691 980 prioribus
726 931 862 969 libellis
899 932 1052 980 exposui
1088 943 1190 968 usum
1226 932 1488 979 vocabulorum
1526 932 1572 968 ad
1607 935 1723 970 artem
1758 934 1999 980 syntacticam
2033 936 2280 983 spectantium
2320 940 2356 973 et

94 1040 100 1044 „
137 999 267 1043 postea
296 1007 341 1031 ex
370 997 449 1031 arte
479 993 608 1030 critica
637 1005 760 1030 eorum
790 993 1048 1031 vocabulorum
1078 993 1162 1038 vim,
1192 993 1321 1041 quibus
1350 993 1550 1038 significari
1579 994 1698 1030 solent
1733 998 1796 1030 aut
1823 996 2143 1041 grammaticorum
2173 996 2290 1033 libelli
2319 1001 2356 1033 et

135 1057 328 1100 editiones,
358 1058 421 1092 aut
448 1055 645 1092 eorundem
674 1055 851 1091 librorum
879 1067 1015 1101 genera
1043 1055 1156 1092 varia.
1189 1059 1252 1090 aut
1280 1055 1383 1101 ipsae
1413 1055 1589 1091 lectiones
1629 1056 1773 1092 variae:
1816 1068 1910 1091 nunc
1938 1057 2178 1104 ipsissima
2214 1058 2356 1094 verba

135 1120 179 1156 et
205 1115 430 1155 vocabula
466 1116 591 1154 artis
629 1116 843 1161 criticae,
878 1116 901 1154 i.
932 1129 962 1154 e.
992 1114 1134 1154 verba
1168 1118 1214 1153 et
1249 1114 1482 1154 vocabula
1521 1116 1799 1155 recensendi
1836 1124 1878 1156 et
1913 1118 2236 1165 diiudicandi,
2272 1132 2356 1169 per-

134 1190 265 1227 agrare
294 1179 331 1215 in
359 1178 479 1214 animo
508 1182 574 1214 est.
634 1178 704 1214 Sed
735 1178 947 1227 priusquam
990 1178 1036 1214 ad
1080 1176 1226 1223 singula
1253 1177 1530 1221 descendamus,
1575 1178 1611 1214 id
1647 1190 1756 1214 unum
1794 1179 1957 1228 praefari
1997 1179 2126 1217 liceat:
2171 1180 2248 1217 fieri
2285 1192 2355 1217 non

134 1253 254 1290 posse,
283 1242 371 1289 quin
400 1240 455 1276 his
483 1241 630 1288 quidem
661 1241 809 1283 chartis,
847 1252 927 1276 cum
955 1240 1139 1288 prioribus
1170 1239 1242 1274 iam
1270 1241 1620 1287 pertractaverimus
1650 1241 1839 1285 vocabula,
1884 1254 1975 1290 quae
2006 1243 2093 1290 quid
2121 1243 2191 1278 sibi
2219 1243 2357 1279 vellent

134 1302 283 1340 difficile
313 1305 394 1339 erat
420 1306 629 1350 perspectu,
667 1314 762 1339 nunc
802 1302 1033 1339 conferamus
1063 1305 1100 1337 et
1130 1300 1357 1349 disputemus
1387 1301 1576 1345 vocabula,
1612 1303 1650 1338 in
1679 1303 1808 1351 quibus
1837 1307 1962 1341 tantae
1992 1316 2077 1340 usus
2106 1309 2168 1341 aut
2196 1305 2355 1341 notionis

135 1364 370 1402 difficultates
400 1363 550 1401 subesse
579 1375 651 1400 non
680 1364 833 1411 possint.
888 1362 988 1406 Quae
1016 1374 1097 1399 cum
1124 1362 1177 1398 ita
1205 1367 1338 1403 essent,
1367 1363 1514 1411 saepius
1537 1363 1794 1408 dubitavimus,
1823 1376 1905 1401 num
1937 1366 2082 1401 omnino
2106 1366 2141 1401 in
2162 1377 2239 1403 rem
2260 1370 2356 1403 esset

134 1426 384 1474 copiosissime
414 1428 451 1462 et
487 1424 599 1462 effuse
642 1426 824 1463 disserere
868 1425 912 1462 de
955 1424 1153 1468 vocabulis,
1196 1435 1288 1471 quae
1318 1425 1404 1472 quid
1433 1425 1502 1461 sibi
1533 1425 1680 1468 vellent,
1710 1437 1782 1462 non
1811 1431 1918 1469 esset,
1965 1427 2050 1474 quin
2088 1428 2200 1464 sciret
2229 1432 2291 1464 aut
2319 1428 2355 1463 in

133 1488 251 1536 primo
281 1498 424 1536 quoque
452 1486 646 1524 verborum
676 1486 797 1524 indice
826 1487 1005 1533 indagare
1041 1488 1177 1534 posset.
1251 1484 1328 1523 Has
1358 1486 1605 1523 dubitationes
1635 1491 1673 1523 ut
1702 1488 1971 1535 expediremus,
2004 1487 2153 1525 Henrici
2178 1488 2354 1537 Stephani

133 1547 356 1586 Thesaurum
386 1560 540 1596 graecae
570 1548 729 1595 linguae,
763 1547 910 1586 Parisiis
943 1547 1209 1591 1831—1866,
1252 1548 1474 1595 perscrutati
1502 1560 1644 1591 sumus;
1688 1554 1963 1597 perscrutantes
2010 1551 2153 1587 etiamsi
2196 1551 2354 1588 vocabu·

132 1610 250 1647 lorum
278 1609 583 1657 significationem
604 1609 848 1659 principalem
872 1609 1006 1659 ubique
1028 1608 1225 1657 ascriptam
1248 1608 1535 1657 reperiebamus,
1565 1614 1687 1648 tamen
1708 1614 1848 1648 tantum
1869 1611 1985 1657 abest,
2015 1615 2053 1648 ut
2074 1611 2355 1649 scholiastarum

131 1676 341 1708 nostrorum
369 1671 517 1708 dicendi
546 1683 630 1708 usus
660 1675 723 1708 aut
751 1671 1014 1709 vocabulorum
1044 1674 1080 1708 et
1107 1669 1302 1706 verborum
1329 1672 1429 1707 notio
1460 1672 1557 1720 apud
1589 1684 1649 1709 eos
1678 1674 1831 1722 propria
1859 1674 2065 1710 accuratius
2095 1674 2170 1710 illic
2199 1675 2350 1711 investi-

132 1738 220 1780 gata
247 1735 315 1770 sit:
347 1737 475 1770 contra
503 1746 547 1769 ne
577 1734 800 1770 mentionem
831 1734 978 1782 quidem
1007 1745 1131 1771 corum
1159 1734 1305 1781 saepius
1335 1733 1471 1769 factam
1503 1746 1581 1769 esse
1603 1735 1869 1779 constituimus,
1899 1739 1939 1770 ut
1959 1736 2093 1770 nostris
2121 1736 2255 1771 studiis
2283 1748 2353 1771 non

132 1796 248 1833 solum
279 1795 481 1844 periculum
510 1795 601 1832 illud
629 1796 696 1831 τοῦ
723 1795 849 1840 γλαῦκ’
878 1795 1068 1844 Ἀθήναζε
1101 1794 1274 1841 effugere,
1314 1795 1378 1832 sed
1412 1794 1572 1832 thesauri
1614 1797 1736 1842 graeci
1774 1808 1986 1833 recensores
2015 1796 2157 1832 futuros
2188 1797 2355 1846 aliquan-

139 1857 253 1895 tulum
283 1858 443 1895 adiuturi
472 1868 538 1894 nos
566 1857 637 1905 ipsi
666 1856 770 1894 nobis
802 1857 1017 1894 videremur.

924 2008 958 2046 1.
987 2009 1069 2048 loci
1099 2008 1214 2047 dubii
1243 2009 1328 2048 sive
1357 2009 1554 2057 ambigui.

254 2095 309 2131 Ac
335 2095 491 2143 primum
519 2104 644 2130 versus
673 2096 709 2130 et
736 2093 805 2129 loci
835 2093 900 2137 illi,
930 2092 1060 2141 quibus
1091 2093 1292 2141 appingere
1320 2094 1426 2140 signa
1454 2093 1683 2139 grammatici
1711 2092 1842 2135 solent,
1884 2106 2017 2141 graece
2049 2095 2219 2130 dicuntur
2247 2093 2356 2129 τόποι

130 2161 206 2198 sive
234 2162 353 2214 στίζοι
384 2157 585 2213 αἘᾳίὲολοι
626 2171 821 2208 eorumque
865 2158 1100 2195 difficultates
1128 2157 1363 2203 ἅμφιβολίαι,
1395 2159 1417 2195 i.
1450 2172 1480 2196 e.
1520 2159 1609 2195 loci
1644 2158 1984 2196 dubitationem
2022 2159 2227 2208 aliquam
2269 2172 2359 2195 mo-

131 2229 294 2263 ventes
324 2228 386 2261 aut
413 2224 768 2271 ambiguitatem
798 2223 990 2272 aliquam
1020 2224 1325 2261 continentes.

254 2286 414 2330 Quorum
455 2297 623 2323 versuum
655 2285 891 2322 difficultates
920 2285 996 2322 sive
1035 2285 1294 2332 ambiguitates
1337 2289 1595 2334 percensentes
1633 2286 1731 2323 docti
1761 2286 1815 2322 illi
1845 2286 1912 2322 viri
1951 2286 2252 2323 adnotationibus
2284 2288 2360 2333 suiS

130 2353 168 2388 et
194 2348 370 2387 doctrinis
397 2346 540 2385 solvere
576 2348 726 2384 student
754 2345 837 2395 (St.)
848 2346 886 2394 ¹).
920 2348 1027 2393 41509
1069 2347 1220 2394 δίφροιο
1246 2368 1291 2372 -
1320 2346 1642 2397 παμφανόωντος]
1673 2348 1728 2385 ὅτι
1750 2345 1859 2385 τοῦτο
1879 2347 2059 2394 διακρίνει
2085 2348 2151 2397 τήν
2172 2350 2211 2385 ἐν
2233 2348 2361 2390 ἄλλοις

130 2410 436 2461 ἀμφιβολίαν.
493 2408 767 2447 Dubitat-enim
797 2409 1069 2456 grammaticus,
1099 2412 1218 2445 utrum
1258 2409 1370 2446 &435
1404 2408 1698 2455 παμφανόωντα
1728 2410 1949 2447 adiectivum
1991 2411 2234 2457 coniungatur
2277 2421 2357 2446 cum

130 2464 284 2520 ἅρματά
313 2472 447 2520 potius,
489 2483 534 2508 an
579 2482 659 2508 cum
686 2469 830 2509 ἐνώπια
858 2471 1100 2515 substantivo,
1130 2481 1237 2519 quam
1266 2471 1628 2519 interpretandi
1657 2472 2000 2509 difficultatem
2027 2473 2103 2509 sive
2134 2472 2360 2519 ambigui·

130 2537 274 2570 tatem
310 2533 413 2569 huius
443 2533 513 2569 luci
542 2531 702 2580 (3435),
743 2532 842 2569 illius
875 2533 945 2568 loci
985 2531 1129 2581 (ψ509)
1159 2533 1425 2581 perspicuitate
1468 2533 1618 2569 dissolvi
1664 2534 1772 2576 dicit;
1815 2535 1932 2570 simm.
1978 2536 2098 2570 M442
2128 2535 2171 2570 de
2203 2533 2353 2569 Homeri

130 2595 327 2633 sententia.
370 2595 476 2633 ,4351
508 2606 676 2632 versuum
706 2598 742 2631 et
771 2595 962 2631 verborum
993 2594 1181 2631 distinctio
1210 2595 1353 2632 incerta
1381 2594 1545 2631 videtur:
1593 2595 1858 2643 ἀμφίβολος
1888 2594 1909 2643 ἦ
1937 2595 2159 2640 ιῖνάγνωσις.
2191 2595 2269 2644 ἤτοι
2296 2595 2365 2641 γάρ

128 2659 178 2701 εἷς
195 2655 239 2695 τὸ
256 2659 437 2706 μεθιέμεν
458 2654 650 2704 διαστολή,
671 2655 802 2705 στιγμή
822 2657 863 2694 δὲ
882 2656 1001 2694 τελεία
1020 2658 1069 2699 εἰς
1089 2655 1133 2691 τὸ
1156 2655 1289 2705 Ἀρηα,
1319 2659 1382 2693 aut
1400 2656 1478 2693 vice
1501 2668 1628 2700 versa;
1659 2657 1777 2694 simm.
1798 2657 1931 2696 5330:
1963 2657 2080 2694 sitnm.
2105 2659 2161 2694 ΡΞ
2186 2657 2230 2694 de
2259 2669 2363 2694 casus

129 2719 458 2769 interpretatione3
487 2719 610 2765 Nlla,
640 2719 747 2756 0158
777 2718 821 2756 de
849 2718 1015 2756 vocabuli
1036 2729 1147 2755 sensu
1167 2729 1209 2755 ac
1231 2718 1284 2761 vi;
1316 2718 1431 2755 11234
1455 2719 1499 2756 de
1526 2731 1563 2756 re
1585 2718 1886 2769 orthographica:
1918 2720 2001 2757 §10
2022 2721 2133 2757 Χ164
2154 2720 2198 2756 de
2221 2732 2257 2756 re
2279 2720 2362 2768 ipsa

257 2842 279 2881 ¹)
301 2842 428 2873 Henrici
450 2841 596 2880 Stephani
621 2842 802 2872 thesaurus:
826 2850 849 2872 s.
867 2850 895 2872 v.
919 2841 1098 2881 α’μᾳίβολος.
