2510 3250
1237 141 1284 177 10

260 261 380 312 Ipsius
408 263 512 301 verbi
538 263 639 300 notio
667 263 841 312 princeps
885 263 923 311 1)
953 263 1251 311 significare
1295 263 1365 313 (sic
1408 263 1519 301 etiam
1547 264 1647 313 apud
1674 262 1916 314 Stephanum)
1954 264 1991 301 iu
2029 263 2141 302 dubio
2181 274 2263 301 esse
2302 262 2367 300 vix

136 327 272 373 potest,
301 336 382 361 cum
411 329 477 361 aut
503 323 642 372 δηλοῦν
670 328 734 362 aut
759 323 1068 372 μεταλαμβάνειν
1097 328 1161 362 aut
1187 323 1338 362 α’κοῦειν
1366 325 1559 363 verborum
1587 325 1727 363 vicibus
1754 325 1942 374 fungatur,
1976 337 2008 363 e.
2028 338 2064 374 g.
2092 326 2203 364 A173
2228 322 2367 373 θυμός]

135 386 247 422 τοῦτο
279 383 324 421 τὸ
351 384 473 434 ὄνομα
501 388 673 435 σημαίνει
700 388 828 422 πέντε·
857 382 979 432 ὀργῆν,
1009 385 1138 434 ψυχήν
1163 385 1236 422 ›ez-5.
1249 399 1263 432 ;
1298 386 1418 424 simm.
1434 387 1560 431 A216,
1594 387 1682 434 249,
1710 387 1797 432 336,
1825 387 1915 432 420,
1942 387 2031 431 436,
2059 387 2148 432 554,
2174 386 2264 431 566,
2291 385 2365 424 567

136 449 210 493 Β6,
240 448 302 493 75,
332 448 420 493 269,
450 448 537 492 292,
569 448 655 493 755,
684 449 781 492 Δ46,
811 449 872 494 64,
902 448 951 484 ’ῐΟ
977 447 1100 492 Ε156,
1131 448 1218 493 178,
1246 448 1334 493 322,
1362 449 1452 493 333,
1481 449 1556 486 832
1598 453 1635 486 et
1661 449 1862 487 sescenties
1890 448 2041 498 alioqui,
2081 449 2139 486 ita
2164 452 2205 486 ut
2230 447 2367 486 talibus

137 510 231 547 locis
262 509 536 559 praetermissis
565 520 628 546 eos
655 513 798 546 tantum
836 520 1140 545 commemorasse
1180 509 1272 546 satis
1299 508 1467 555 habeam,
1513 510 1549 546 in
1578 510 1709 559 quibus
1737 513 1801 547 aut
1839 521 1968 547 sensus
1997 509 2054 547 vel
2082 509 2365 548 constructionis

136 572 264 621 aliqua
293 570 492 608 difficultas
521 575 585 608 aut
612 571 699 608 novi
728 571 869 620 aliquid
897 571 1018 608 inesse
1044 569 1133 607 mihi
1162 571 1318 609 videtur.

262 632 302 681 2)
333 631 423 669 Cum
453 631 539 668 α’ντὶ
567 632 846 682 praepositione
886 632 1000 680 igilur
1028 631 1178 669 verbum
1219 632 1452 670 coniunctum
1487 637 1543 671 est
1580 634 1696 671 A153
1735 632 1844 680 δεῦρο
1882 629 2156 682 μαχησόμενος]
2197 634 2368 680 σημαίνει

137 696 177 730 δὲ
206 693 291 730 ἅντε
317 691 385 729 τοῦ
413 692 694 741 ἀναστρέφεται
720 695 764 730 ἓν
795 692 914 742 τούτῳ
942 693 993 742 τῷ
1021 691 1152 741 τίπῳῑ
1190 694 1213 730 i.
1235 706 1266 731 e.
1296 694 1407 741 δεῦρο
1435 695 1663 739 adverbium,
1696 707 1776 732 cum
1805 696 1937 732 ceteris
1965 694 2055 730 locis
2081 693 2131 729 sit
2161 693 2220 740 „in
2246 692 2367 728 locum

135 754 335 804 aliquem“,
363 758 491 792 nostro
520 766 629 796 versu
657 756 864 804 pos-itum
897 759 972 792 est
1000 766 1081 804 pro
1115 756 1278 801 „versari
1306 755 1429 806 aliquo
1457 756 1582 801 loco“;
1612 757 1731 794 simm.
1760 757 1881 795 t368.

260 816 300 863 3)
328 816 560 865 Praepositio
589 816 627 851 ἐκ
656 817 787 854 addita
828 820 884 853 est
926 819 959 851 Γ
965 817 1036 853 166
1064 814 1112 858 ὤς
1137 830 1202 862 μοι
1228 823 1290 854 καὶ
1325 816 1430 854 ’τόνδ’
1461 816 1601 866 ἄνδρα]
1641 816 1710 854 ἒᾰν
1735 817 1780 855 τὸ
1804 822 1869 855 ἵνα
1890 819 1930 854 ἐκ
1951 818 2018 854 τοῦ
2044 815 2091 860 ὥς
2127 818 2367 864 σημαίνηται.

137 878 177 916 In
205 878 377 926 ambiguo
407 882 463 915 est
490 877 704 924 scholiasta,
734 879 915 927 quomodo
944 877 992 921 ὥς
1016 878 1235 927 particulum
1265 879 1314 915 sit
1339 879 1669 928 interpretandum,
1712 890 1758 916 ac
1786 878 1932 927 pergit:
1973 878 2160 927 siquidem
2185 882 2250 916 ἵνα
2278 888 2366 914 con-

134 941 360 977 iunctionem
388 952 434 977 ex
457 939 504 982 ὠς
533 941 814 977 coniectura
842 941 1065 989 consequi
1095 952 1300 988 possumus;
1329 941 1429 989 apud
1450 940 1675 990 Stephanum
1699 952 1772 977 non
1792 940 1922 977 inscite
1950 939 2367 987 significationem

135 1002 368 1050 accipere
398 1013 456 1038 ex.
1003 1026 1005 1030 -

261 1062 474 1099 Transimus
503 1063 550 1099 ad
576 1062 618 1099 τό
642 1062 922 1115 σημαινόμενον
948 1063 1097 1111 saepius
1124 1063 1274 1099 scholiis
1302 1063 1493 1108 insertum,

262 1127 300 1177 1)
330 1128 375 1165 de
404 1128 549 1165 totius
590 1128 740 1177 quidem
782 1127 1013 1165 enuntiati
1052 1131 1353 1174 argumento,
1395 1130 1435 1165 ut
1462 1138 1536 1164 non
1562 1127 1750 1176 discrepet
1776 1139 1799 1165 a
1817 1125 1936 1175 λόγος,
1964 1127 2067 1174 νοῦς,
2097 1124 2243 1175 νοητόν,
2270 1124 2366 1164 aliis,

135 1202 168 1227 e.
188 1202 223 1237 g.
252 1191 364 1226 2284
391 1188 448 1224 ὅτι
476 1189 519 1225 τὸ
544 1188 840 1236 σημαινόμενον.·
866 1192 897 1224 εἰ
937 1191 1075 1225 ἐκεῖνον
1101 1190 1218 1235 ἴδοιμι
1246 1187 1524 1237 τετελευτηκότα
1537 1202 1552 1235 ;
1575 1190 1693 1226 simm.
1724 1189 1821 1234 T35,
1850 1190 1974 1226 9213.

262 1249 302 1297 2)
333 1252 378 1288 de
405 1250 635 1296 singulorum
662 1249 923 1287 vocabulorum
965 1250 1240 1286 notionibus
1282 1252 1391 1287 *1308
1418 1247 1573 1297 πόλεας]
1602 1255 1666 1285 καὶ
1690 1250 1752 1285 ἐπὶ
1789 1250 1864 1285 τῶν
1889 1247 2035 1286 πόλεων
2074 1248 2124 1285 τὸ
2150 1260 2286 1295 σημαι
2297 1247 2367 1307 1115-x

136 1326 276 1360 μενον
314 1310 515 1359 ἐκδέχεται,
543 1311 566 1348 i.
589 1322 620 1349 e.
650 1310 750 1349 vocis
778 1322 947 1350 sensus
981 1309 1203 1360 intelligitur
1245 1311 1290 1349 de
1317 1309 1469 1349 urbibus
1497 1310 1586 1359 (non
1614 1310 1660 1349 de
1687 1309 1849 1359 multis);
1894 1309 2011 1349 simm.
2040 1307 2186 1358 21911)
2226 1311 2289 1349 ἵνα
2316 1322 2368 1358 μη

136 1374 326 1421 διάφορον
354 1373 702 1419 σημαινόμενον
733 1372 866 1426 νοηθῇ,
893 1376 916 1410 i.
934 1387 964 1410 e.
994 1386 1038 1410 ne
1068 1374 1214 1410 diversa
1242 1375 1341 1410 vocis
1370 1374 1494 1409 notio
1521 1374 1764 1420 intelligatur.

261 1435 300 1481 3)
328 1434 470 1472 Ceteris
498 1433 589 1472 locis
618 1435 847 1483 praepositio
876 1435 1049 1484 apposita
1077 1438 1134 1473 est
1159 1435 1370 1484 participio,
1412 1447 1443 1473 e.
1465 1446 1499 1482 g.
1528 1433 1635 1473 E7OO
1662 1432 1683 1479 ἡ
1709 1433 1749 1471 δὲ
1777 1433 1892 1482 διπλῆ
1918 1431 2030 1480 πρὸς
2064 1432 2113 1470 τὸ
2141 1429 2366 1482 σημαινό-

134 1509 296 1543 μενον,·
324 1497 347 1532 i.
369 1508 400 1533 e.
430 1495 565 1542 διπλῆς
592 1496 736 1542 signum
766 1497 954 1544 appictum
978 1500 1033 1533 est
1061 1500 1256 1544 propter
1283 1496 1518 1544 proprium
1546 1495 1833 1544 praepositionis
1861 1494 1952 1542 (ἐπὶ)
1983 1505 2159 1532 sensum
2188 1498 2227 1532 et
2245 1505 2366 1531 usum·

136 1555 209 1593 Ἐν
235 1559 570 1606 σημαινομένῳ
598 1557 776 1606 scriptum
805 1557 960 1604 legimus
984 1559 1099 1595 ,4519
1120 1555 1184 1607 ἄν]
1205 1561 1287 1594 τοτὲ
1307 1561 1377 1605 μὲν
1403 1558 1448 1595 ἐν
1474 1558 1807 1604 σημαινομένῳ
1827 1554 2024 1605 ὀφείλομεν
2048 1553 2368 1603 παραλαμβάνειν

134 1618 201 1653 τόν
230 1618 280 1653 ἄν
309 1645 473 1655 .....
501 1621 585 1653 τοτὲ
612 1618 653 1653 δὲ
680 1619 932 1663 παρέλκοντα.
988 1618 1247 1667 Opinabantur
1275 1620 1372 1655 enim
1401 1619 1632 1665 grammatici
1659 1618 1715 1655 illi
1745 1618 1924 1667 quasdam
1951 1617 2131 1654 sermonis
2159 1616 2363 1666 particulas

136 1681 183 1717 ad
211 1692 359 1717 sensum
389 1680 531 1727 periodi
560 1680 710 1727 plenum
739 1692 782 1717 ac
809 1680 1015 1728 perfectum
1044 1681 1151 1716 modo
1181 1681 1410 1717 necessarias
1451 1681 1559 1716 modo
1600 1679 1805 1728 superfluas
1845 1691 1938 1723 esse,
1982 1682 2023 1715 ut
2056 1678 2115 1716 hic
2156 1681 2367 1715 vertamust

135 1742 244 1780 modo
289 1753 385 1779 cum
426 1753 569 1779 sensu
610 1741 814 1791 quodam
858 1741 1078 1779 collocatum
1129 1746 1239 1791 atque
1281 1741 1497 1779 adhibitum.
1550 1740 1637 1779 Inde
1666 1741 1721 1779 his
1750 1752 1893 1791 quoque
1921 1739 2071 1778 scholiis
2098 1740 2164 1777 lux
2190 1738 2365 1778 affertur:

135 1805 249 1841 ,4677
279 1801 405 1850 λη’ίδα]
433 1807 518 1847 περὶ
544 1805 673 1848 μέντοι
701 1800 767 1839 τοῦ
795 1803 879 1845 δαῖς
907 1802 1148 1849 ὅξυνομένοι·,
1176 1805 1447 1850 ’τετολμημένον
1475 1803 1516 1838 δὲ
1535 1808 1596 1838 καὶ
1623 1802 1859 1849 βαρύνεσθαι
1899 1804 1974 1839 ἐπὶ
2015 1803 2171 1848 ἑτέρου
2199 1812 2366 1849 σημαι-

137 1879 184 1903 νο
196 1867 361 1913 μένου,
390 1865 413 1902 i.
437 1877 468 1903 e.
499 1865 543 1903 de
566 1864 742 1903 vocabulo
771 1865 909 1903 acriter
938 1865 1189 1914 pronuntiato,
1219 1864 1316 1913 quod
1346 1864 1441 1902 idem
1472 1864 1634 1912 graviter
1661 1864 1893 1912 pronuntiari
1922 1866 2056 1913 potest,
2084 1863 2126 1901 si
2155 1875 2242 1913 qua
2269 1862 2368 1902 alia

134 1926 449 1972 significatio
478 1926 666 1968 subest3
697 1930 734 1962 et
761 1929 892 1974 postea
919 1927 1030 1962 2239
1057 1926 1122 1973 ἐφ’
1154 1923 1204 1962 οὗ
1234 1923 1283 1961 ἄν
1311 1924 1579 1971 σοντιίσσηται,
1604 1929 1729 1972 φησιν,
1757 1926 2128 1970 σημαινομένου,
2157 1925 2181 1961 i.
2202 1936 2232 1961 e.
2261 1935 2367 1972 qua-

136 2000 319 2038 cunque
348 1987 727 2035 significatione
757 2000 875 2026 usum
903 1987 968 2026 hoc
995 1987 1147 2025 verbum
1174 1986 1376 2025 adhibitum
1405 1990 1472 2023 est.

262 2049 355 2086 Huic
383 2049 423 2084 ἐν
450 2052 717 2098 σημαινομὲνῳ
747 2053 1031 2086 consentaneum
1060 2049 1138 2086 fere
1168 2053 1222 2085 est
1253 2048 1474 2084 adiectivum
1509 2046 1717 2100 σημαντική
1750 2049 1834 2085 Τ90
1862 2045 1940 2094 διά]
1970 2046 2076 2093 ὁμὲν
2098 2046 2369 2096 Ἀσκαλωνίτης

135 2113 319 2163 περισσήν
348 2142 512 2150 .....
514 2112 668 2161 Ιίδυμος
696 2112 736 2149 δὲ
767 2112 902 2163 ἡγεῖται
936 2112 1223 2162 σημαντικὴν
1256 2110 1374 2160 αὐτὴν
1401 2109 1495 2148 εἶναι
1524 2119 1586 2149 καί
1613 2112 1664 2160 μή
1690 2114 1912 2161 παρέλκειν,·
1939 2113 1963 2150 i.
1988 2125 2019 2149 e.
2049 2124 2168 2149 suam
2196 2111 2366 2150 habere

135 2175 226 2212 vim
255 2187 298 2213 ac
328 2176 558 2213 rationem
586 2175 817 2224 praepositio
848 2176 1081 2213 Ascalonitae
1110 2176 1269 2213 videtur.

263 2297 288 2336 ¹)
311 2296 453 2329 Scholion
476 2297 563 2327 2191
595 2296 639 2327 sic
670 2294 793 2336 incipit:
815 2301 917 2337 χιιῖρις
938 2301 979 2339 τῷ
1000 2298 1052 2331 ῐιὶς
1075 2298 1325 2337 συναλειψθεῐσας
1351 2300 1510 2337 προθέσεις
1538 2298 1580 2337 μή
1604 2297 1859 2337 ἀναστρέφεσθαι,
1882 2298 1931 2327 καὶ
1955 2297 2068 2328 ἐνθάδε
2097 2297 2151 2328 οὐκ
2174 2297 2365 2339 ἀναστρέψει.

134 2350 273 2381 Adnotat
309 2348 481 2381 Dindorfins
503 2348 611 2389 (editio
634 2347 649 2378 Ι
674 2348 785 2388 1875);
823 2349 871 2380 Sic
894 2350 930 2386 A,
952 2358 1013 2380 non
1033 2353 1146 2390 χαίρει,
1169 2354 1205 2380 ut
1227 2349 1315 2388 vili,
1347 2352 1381 2380 et
1402 2350 1505 2389 paullo
1527 2349 1629 2382 infra:
1665 2348 1748 2385 „onim
1770 2348 1830 2380 nisi
1852 2349 2015 2381 delendum
2036 2348 2088 2387 sit,
2111 2348 2144 2381 in
2173 2346 2245 2381 δἀὗ
2267 2352 2369 2382 mutat

136 2401 352 2432 Schraderus.“
405 2399 465 2437 Qui
495 2404 601 2430 tamen
633 2409 739 2430 omnes
771 2400 853 2430 haud
887 2400 949 2430 scio
972 2410 1012 2430 an
1034 2410 1094 2430 non
1126 2400 1159 2430 in
1190 2409 1323 2430 errorem
1357 2400 1538 2436 inciderint,
1572 2409 1642 2430 cum
1669 2400 1701 2430 in
1732 2401 1788 2430 hoc
1821 2400 1951 2436 scholio,
1986 2404 2023 2431 ut
2056 2400 2138 2430 iuste
2176 2400 2368 2439 intelligant,

136 2450 361 2489 respiciendum
394 2459 461 2481 esse
493 2453 606 2490 putent
640 2452 861 2489 argumentum
893 2453 926 2481 et
948 2450 1042 2481 verba
1075 2450 1182 2481 scholii
1214 2450 1437 2482 antecedentis.
1488 2451 1531 2482 At
1560 2450 1677 2481 nullam
1699 2459 1764 2481 rem
1792 2459 1896 2482 secum
1918 2450 2034 2482 habent
2060 2450 2136 2482 haec
2157 2450 2217 2482 duo
2240 2450 2368 2488 scholia,

135 2512 265 2541 quorum
299 2503 329 2533 in
354 2503 453 2533 altero
486 2503 703 2542 ἀναστρέφεται
736 2503 819 2542 παριὶ
841 2502 1039 2541 praepositio,
1071 2502 1103 2533 in
1125 2503 1224 2533 altero
1247 2503 1300 2531 οὐκ
1323 2502 1550 2542 ἀναστρέφεται.
1593 2502 1791 2542 Ἀναστρέφει
1821 2506 1927 2533 autem
1947 2502 2153 2534 Aristarchus
2174 2502 2207 2534 in
2228 2502 2292 2540 illo,
2314 2503 2368 2533 οὐκ

136 2553 320 2595 ἀντιστρέφει
342 2556 489 2595 Χαῖρις
511 2553 543 2585 in
557 2553 623 2585 hoc.
667 2553 716 2585 Sic
734 2552 816 2584 enim
832 2553 1027 2585 scribendum
1052 2553 1127 2585 mihi
1142 2554 1277 2593 videtur,
1299 2563 1359 2584 non
1374 2558 1476 2593 χιιῖρις
1493 2552 1559 2584 sive
1573 2556 1676 2594 χαίρει
1697 2552 1810 2584 codicis
1825 2553 1851 2584 Δ
1871 2557 1927 2585 ant
1942 2553 2114 2586 Villoisoni.
2158 2557 2270 2593 Χαῖρις
2285 2553 2368 2585 enim

135 2609 186 2636 est
213 2605 440 2644 grammaticus
472 2605 525 2636 ille
557 2605 763 2642 doctissimus,
797 2605 971 2636 Aristarchi
998 2605 1175 2644 discipulus,
1209 2606 1241 2636 in
1269 2615 1359 2644 quem
1390 2604 1623 2636 accuratissimo
1657 2607 1690 2635 et
1721 2604 1931 2643 copiosissime
1958 2606 2123 2644 inquisivit
2157 2608 2293 2646 Augus
2303 2610 2368 2638 tus

135 2657 250 2688 Blau:
284 2657 329 2688 De
363 2655 537 2688 Aristarchi
569 2656 739 2696 discipulis,
782 2656 981 2690 Dissertatio.
1025 2656 1123 2688 Jenae
1155 2657 1244 2688 1883.
1266 2667 1295 2696 p.
1318 2657 1358 2688 56
1380 2666 1455 2695 sqq„
1488 2655 1542 2694 qui
1569 2655 1751 2687 Chaeridem
1780 2666 1840 2688 non
1862 2656 1963 2688 ubivis
1985 2656 2165 2689 Aristarcho
2187 2666 2368 2690 consensum

133 2709 313 2748 praebuisse
335 2708 467 2748 propriis
489 2708 592 2740 verbis
614 2708 731 2748 arguit.
756 2725 793 2730 —
818 2708 863 2739 De
885 2713 927 2749 τῷ
948 2709 1139 2740 emendando
1161 2709 1278 2745 dubito,
1300 2718 1340 2739 an
1362 2717 1422 2739 non
1446 2708 1552 2747 legere
1575 2707 1724 2746 possimus
1765 2705 1800 2749 ᾧ,
1824 2708 1880 2745 ita,
1902 2711 1940 2739 ut
1960 2708 2154 2741 interciderit
2181 2711 2297 2750 λέγεται
2318 2709 2369 2741 vel

134 2758 235 2791 simile
253 2760 399 2798 aliquid,
438 2763 475 2790 nt
508 2760 585 2791 haec
618 2758 744 2790 eveniat
777 2758 885 2790 scholii
918 2759 1079 2792 voluntas:
1126 2763 1246 2799 Χαῖρις,
1281 2757 1304 2801 ,ᾗ
1338 2761 1403 2800 (pro
1441 2758 1491 2800 ὑφ’
1512 2761 1561 2800 ο·’-)
1594 2761 1710 2802 λέγεται
1743 2761 1795 2793 τιές
1808 2783 1974 2789 .........
1998 2764 2158 2804 προθέσεις
2188 2761 2232 2804 μὴ
2255 2760 2361 2802 (mm)

135 2812 395 2853 ἀντιστρέφεσθαι,
418 2813 469 2842 καὶ
492 2812 606 2843 ἐνθάδε
630 2812 683 2842 οὐκ
706 2812 897 2852 ιῖναστρέφει.
