2510 3250
275 382 309 414 3.
329 382 367 414 de
388 380 571 413 lectionibus
592 380 725 413 mutatis

275 434 306 467 4.
327 434 365 467 dc
386 433 477 466 rebus
497 433 686 474 prosodiacis

152 487 252 522 καλῶς
272 489 351 520 bene
371 485 528 526 sapienter
604 509 612 517 .
712 496 718 501 ·

276 537 306 570 1.
326 536 365 568 de
385 535 572 569 lectionibus
591 536 764 578 reprobatis

276 588 306 620 2.
328 588 366 620 de
385 587 535 620 Zenodoti
554 586 748 621 atheoen’bus

275 640 305 673 3.
327 640 365 672 cle
386 639 478 672 rebus
499 639 748 681 orthographicis

152 695 267 734 κρίνειν
287 690 405 731 aliquid
425 700 466 723 ex
486 690 593 730 aliqua
612 691 735 724 ratione
750 700 929 732 agnoscere,
948 692 1076 731 probare

152 742 336 784 κρινόμενον
355 742 503 775 iudicium
523 746 581 775 aut
600 745 686 781 nota,
716 743 826 782 quibus
858 742 973 782 aliquid
993 743 1072 775 diiu-

276 793 521 826 dicatur..
789 819 797 827 .

152 849 247 886 κρίσις
266 844 423 884 iudicium,
444 854 539 877 causa
559 845 748 877 diiudicandi
789 869 796 877 .

152 897 283 937 κριτικὸς
302 896 356 937 qui
375 906 416 929 ex
436 897 560 929 iudiciis
580 897 761 937 quibusdam
782 898 908 938 exponit

152 949 323 989 λαμβάνειν
343 949 491 988 accipere,
512 949 691 989 intelligere

152 1000 258 1030 λυπεῖν
277 998 440 1040 displicere
695 1024 703 1032 .

152 1054 331 1091 μέμφεσθαι
352 1051 539 1091 vituperare,
560 1050 733 1090 improbare
789 1076 796 1084 .

152 1101 400 1142 μεταλαμβάνειν
420 1125 429 1134 .
512 1127 521 1137 .

281 1153 308 1183 1.
329 1153 512 1192 transferre,
532 1155 666 1192 vertere,
688 1153 888 1194 interpretari

277 1203 306 1236 2.
328 1203 511 1245 participem
531 1213 600 1236 esse
621 1204 752 1236 alicuius
775 1205 1021 1246 significationis,
1043 1205 1076 1237 ιιι

325 1255 513 1295 provinciam
534 1255 602 1288 eius
624 1256 669 1287 ire
788 1280 796 1289 .
882 1281 889 1289 .
975 1281 982 1289 .

275 1308 304 1339 3.
326 1311 514 1339 commutare
530 1308 668 1339 litteram
685 1308 804 1347 littera,
827 1309 1008 1341 vocabulum
1022 1319 1074 1341 vo-

328 1358 435 1391 cabulo
695 1383 702 1392 .
857 1385 859 1387 ,
880 1387 887 1394 .
972 1384 979 1391 .
1066 1386 1073 1393 .

151 1410 467 1452 μεταλαμβανόμενον
483 1411 617 1443 notionis
638 1412 849 1453 commutatio,
877 1412 1075 1453 participatio

150 1458 320 1502 μετάληψις
340 1461 421 1494 idem
697 1488 705 1497 .
790 1489 797 1497 .
974 1488 981 1497 ·
1067 1487 1074 1495 ·

152 1516 244 1552 νοεῖν,
267 1522 309 1545 sc.
330 1514 436 1544 κοινον
456 1514 522 1547 sive
537 1516 613 1546 καιιὶ
634 1517 739 1547 κοινόν
759 1517 807 1548 ita
830 1516 1017 1557 intelligere,
1039 1520 1075 1548 ut

274 1565 314 1596 ad
333 1566 502 1607 compluria
524 1567 615 1599 simul
636 1567 794 1607 pertineat
815 1579 874 1601 vox

153 1616 261 1653 νοητόν
282 1616 348 1649 sive
370 1619 446 1648 xmo?
469 1619 576 1656 νοητόν
597 1628 708 1651 sensus
731 1620 796 1652 sive
818 1621 984 1653 secundum
1006 1629 1073 1651 sen-

275 1677 352 1706 sum,
374 1673 498 1708 praeter
520 1671 744 1710 grammaticae
765 1672 853 1712 leges
879 1695 886 1704 .

152 1723 223 1754 νοῦς
244 1719 342 1751 totius
363 1720 519 1752 enuntiati
539 1730 648 1753 sensus
669 1727 702 1754 et
723 1726 941 1763 argumentum
975 1747 981 1754 .

152 1773 266 1806 οἰκείως
289 1781 344 1804 suo
366 1772 440 1810 loco,
461 1774 636 1805 necessario
656 1774 777 1814 positus
974 1800 981 1806 .

152 1823 254 1863 ὀρθῶς
276 1824 398 1865 (ὀρθὸς)
419 1827 514 1862 recte,
535 1825 623 1863 bene,
643 1829 726 1865 apte,
747 1826 812 1858 sive
834 1826 938 1866 inepte
973 1850 980 1858 .

277 1876 304 1908 1.
327 1875 364 1907 de
386 1875 674 1916 interpolationibus

275 1927 304 1958 2.
326 1927 364 1959 de
384 1926 567 1960 lectionibus
588 1928 768 1968 improbatis

275 1979 305 2011 3.
327 1980 364 2011 de
385 1979 697 2019 interpretationibus
717 1981 900 2013 collaudatis

275 2031 305 2063 4.
327 2031 365 2063 de
387 2030 529 2062 lectionis
550 2030 681 2063 alicuius
702 2032 804 2064 causis
826 2033 902 2065 bene
925 2033 1031 2065 allatis

277 2083 306 2114 5.
329 2083 423 2123 ὀρθός
434 2082 471 2113 de
483 2082 574 2114 rebus
584 2083 770 2122 prosodiacis
781 2088 815 2115 et
825 2085 1074 2125 orthographicis

275 2134 304 2164 6.
326 2134 364 2164 de
385 2133 507 2164 nomine
528 2142 619 2165 casus
639 2135 824 2167 nominativi

278 2186 305 2216 7.
328 2186 366 2218 de
387 2185 470 2217 iusto
491 2195 527 2217 ac
548 2187 685 2225 perfecto
708 2186 826 2225 periodi
846 2187 951 2219 ordine

153 2237 284 2278 ὀχληρός
294 2237 451 2276 molestus,
473 2246 568 2278 aegre
579 2237 732 2277 ferendus,
754 2239 791 2270 de
803 2238 936 2280 singulis
946 2239 1072 2271 vocibus

152 2290 384 2330 παραδέχεσθαι
420 2313 427 2321 .
512 2314 519 2321 .
698 2314 704 2321 .

277 2341 304 2373 1.
327 2340 475 2381 accipere,
497 2341 676 2382 intelligere

276 2393 306 2425 2.
328 2403 454 2426 causam
483 2404 519 2426 ac
546 2395 699 2427 rationem
728 2396 859 2428 alicuius
880 2395 925 2427 rei
947 2396 1075 2435 probare

276 2444 306 2476 3.
326 2444 491 2476 lectionem
513 2447 641 2484 probare

152 2495 408 2537 παραλαμβάνειν
511 2520 518 2529 ,

277 2548 305 2577 1.
328 2546 472 2579 adhibere
510 2571 519 2580 .

278 2598 307 2630 2.
331 2598 481 2630 collocare
504 2609 558 2639 pro
601 2624 608 2631 .
881 2627 887 2633 .
974 2626 979 2632 .

278 2649 308 2681 3.
329 2649 469 2690 probare,
491 2650 667 2691 admittere,
689 2651 721 2683 ιιι
743 2656 864 2684 textum
878 2653 1014 2693 recipere
1066 2678 1073 2686 .

1243 165 1289 201 19

1137 2241 1176 2271 16

1139 2292 1177 2322 12

1159 2499 1176 2684 κιαι-κιαι

1445 379 1474 411 4.
1496 381 1657 409 accentum
1678 377 1849 409 attribuere

1444 432 1476 465 5.
1499 429 1686 470 intelligere,
1712 427 1875 460 subaudire

1445 483 1474 515 6
1498 481 1648 520 suspicari
1960 504 1966 510 .

1445 533 1473 566 7.
1496 532 1647 568 derivare
1670 532 1822 571 originem
1843 504 1990 563 deducere

1322 588 1481 627 παρέλκων
1502 584 1683 624 superfluus,
1704 593 1766 614 non
1786 583 1978 614 necessarius

1323 640 1485 668 πείθεσθαι
1506 635 1677 667 doctrinam
1692 638 1749 666 aut
1764 634 1927 665 lectionem
1943 634 2074 666 alicuius
2090 635 2242 674 subsequi,

1445 687 1651 727 comprobare,
1674 686 1902 727 comprobatam
1923 687 2025 718 textui
2046 686 2181 718 inserere
2237 709 2244 717 .

1324 741 1461 779 περισσός
1483 739 1664 779 superfluus,
1685 748 1931 778 supervacaneus
1961 764 1967 770 .
2145 761 2153 770 .
2237 763 2244 770 .

1448 793 1475 824 1.
1498 791 1535 822 de
1562 791 1652 822 rebus
1680 790 1901 831 grammaticis,
1929 791 2120 821 schematum
2147 796 2247 830 genus

1497 842 1648 881 quoddam
1670 842 1849 882 significans

1446 895 1476 926 2.
1499 895 1536 926 de
1561 894 1701 926 versibus
1729 903 1790 926 non
1817 893 2009 933 necessariis,
2036 894 2075 925 ad
2102 893 2247 925 Zenodoti

1498 948 1656 979 atheteses
1676 946 1878 978 stabiliendas

1322 1001 1455 1036 πιθανὸς
1478 1000 1562 1040 (wic)
1587 998 1652 1030 sive
1675 998 1728 1029 οὔκ
1750 998 1903 1031 ἀπίθανος
1958 1021 1966 1029 ,

1445 1053 1504 1083 fide
1526 1051 1640 1091 dignus
1661 1049 1726 1081 sive
1748 1059 1809 1080 non
1830 1049 1992 1089 indignus:

1510 1104 1537 1134 1.
1560 1104 1597 1134 de
1618 1101 1804 1133 lectionibus
1825 1101 1908 1139 prob.

1508 1156 1537 1185 2.
1559 1155 1596 1185 de
1618 1152 1812 1184 athetesibus

1508 1206 1536 1239 3.
1561 1206 1599 1236 de
1620 1203 1877 1243 interpretatione
1899 1203 1957 1234 fide
1979 1204 2076 1243 digna

1507 1258 1536 1289 4.
1562 1257 1599 1287 de
1621 1255 1748 1296 syllabis
1769 1254 1990 1295 coniungendis

1508 1310 1537 1340 5.
1559 1310 1596 1340 de
1618 1308 1709 1339 rebus
1731 1307 1916 1346 prosodiacis

1322 1355 1453 1399 πλᾶνᾱν,
1466 1362 1644 1390 πλανᾶσθαι
1657 1359 1689 1390 ιιι
1700 1368 1833 1390 errorem
1845 1358 1995 1395 inducere,
2015 1359 2127 1396 induci,
2139 1368 2243 1390 errare

1323 1412 1479 1453 πρεπώδης
1493 1415 1726 1450 consentaneus,
1744 1415 1856 1451 aptus3
1875 1411 1912 1443 de
1927 1411 2050 1443 vocibus
2068 1411 2125 1442 loci
2141 1410 2244 1443 sensui

1445 1464 1658 1495 consentaneis
1681 1488 1688 1495 .

1322 1519 1496 1556 προκρίνειν
1516 1515 1673 1555 praeferre
1960 1542 1965 1548 .

1322 1571 1483 1608 προσέχειν
1504 1567 1535 1598 ιιι
1558 1568 1744 1598 sententiam
1767 1567 1897 1598 alicuius
1919 1567 1963 1598 ire

1321 1622 1501 1660 προσίεσθαι
1523 1618 1699 1655 admittere,
1722 1619 1885 1649 concedere
1908 1618 2070 1649 lectionem

1323 1674 1480 1710 σηιιιιῖνιιν

1447 1722 1473 1753 1.
1496 1721 1671 1760 significare

1444 1773 1471 1804 2.
1496 1783 1565 1812 aqu.
1589 1772 1656 1803 (ἷντι
1677 1772 1811 1812 positum
1833 1782 1899 1804 esse
1923 1782 1976 1812 pro
2237 1800 2242 1805 .

1445 1825 1473 1855 3.
1497 1835 1565 1864 σημ.
1582 1824 1613 1853 ἐκ
1635 1823 1791 1854 notionem
1813 1824 1992 1855 coniectura
2013 1826 2157 1862 consequi
2178 1834 2215 1855 ex
2237 1850 2243 1856 .

1323 1876 1550 1915 σημαινόμενον
1572 1875 1666 1913 notio,
1689 1884 1797 1906 sensus
1959 1900 1965 1906 .

1448 1928 1473 1958 1.
1496 1927 1532 1958 de
1554 1927 1652 1958 totius
1674 1927 1829 1972 enuntiati
1851 1934 2036 1968 argumento
2236 1952 2241 1957 .

1445 1980 1474 2011 2.
1496 1979 1534 2011 de
1555 1979 1748 2019 singulorum
1769 1979 1986 2011 vocabulorum
2009 1981 2181 2012 notionibus
2238 2005 2243 2010 .

1446 2033 1473 2063 3.
1497 2032 1571 2072 πρὸς
1593 2032 1625 2061 τὸ
1648 2041 1716 2071 σημ.
1738 2035 1864 2071 propter
1885 2032 2039 2071 proprium
2062 2040 2184 2062 sensum
2235 2056 2242 2062 .

1445 2084 1474 2116 4.
1497 2085 1531 2114 ἓν
1549 2093 1618 2124 σνιι.
1634 2092 1703 2114 cum
1719 2093 1818 2141 sensu,
1838 2093 1899 2114 non
1914 2084 1979 2115 sine
1997 2093 2088 2115 sensu
2108 2084 2242 2123 positum

1323 2189 1505 2227 σηιιανιικός
1526 2196 1613 2219 suam
1635 2186 1698 2217 vim
1720 2196 1756 2217 ac
1777 2186 1928 2218 rationem
1951 2187 2066 2218 habens

1323 2244 1455 2282 σημασία
1477 2237 1664 2280 significatio
1683 2262 1690 2269 .

1323 2295 1597 2333 συγκατατίθεσθαι
1776 2315 1781 2321 .
1868 2315 1873 2320 .
1960 2315 1965 2321 .

1448 2346 1475 2375 1.
1497 2342 1671 2373 consentire
1693 2351 1770 2378 cum,
1797 2351 1856 2372 non
1881 2342 2003 2373 differre
2027 2353 2053 2373 a.

1446 2396 1476 2430 2.
1498 2404 1558 2427 ιιοιι
1579 2394 1752 2434 discrepare
1775 2405 1794 2426 a
1815 2394 1873 2426 loci
1894 2404 1987 2427 sensu

1323 2452 1498 2488 συμφωνεῖν
1518 2454 1699 2485 congruere,
1721 2446 1823 2476 facere
1845 2456 1913 2476 cum
1958 2470 1964 2476 .

1323 2504 1475 2530 συναινεῖν
1494 2498 1670 2531 collaudare
1692 2497 1854 2529 lectionem

1323 2551 1415 2591 ὖγιῶς
1438 2551 1519 2591 (-ἢς)
1543 2559 1625 2587 sane,
1651 2554 1749 2587 recte,
1773 2550 1841 2580 vide
1867 2551 1967 2588 ὀρθῶς

1322 2602 1538 2643 ιῗπισχνεῖσθαι
1560 2601 1691 2632 formam
1713 2601 1841 2642 fingere,
1863 2601 2041 2641 significare
2240 2627 2245 2632 .

1326 2653 1553 2695 ὖπολαμβάνειν
1573 2653 1641 2684 voci
1668 2654 1857 2684 sententiam
1878 2662 1932 2692 per
1954 2662 2088 2685 errorem
2110 2654 2245 2684 subicere

1018 2811 1506 2830 -—-————Qu>—-——

2332 376 2351 561 oeoe-Qal

2312 686 2349 717 13

2311 738 2349 768 16

2313 997 2348 1026 17

2309 1359 2346 1388 13

2310 1463 2348 1493 16

2310 1514 2348 1544 12

2310 1568 2345 1597 11

2311 1619 2348 1649 13

2310 1671 2349 1701 10

2311 1722 2349 1751 10

2312 1773 2349 1804 10

2311 1877 2349 1907 10

2310 1927 2349 1958 10

2310 1980 2349 2011 10

2282 2032 2348 2062 ’10

2253 2914 2290 2944 3-

2311 2084 2348 2115 10

2311 2135 2350 2165 10

2310 2186 2349 2217 10

2312 2239 2348 2268 11

2312 2291 2348 2320 11

2312 2450 2347 2478 11

2311 2499 2349 2530 12

2312 2552 2348 2580 15

2312 2603 2346 2632 11
