2510 3250
1238 153 1260 189 8

124 274 211 310 1<25
242 274 366 311 M430
394 275 516 320 12202,
545 276 620 312 643
654 278 688 311 Y
689 276 765 313 234
792 277 826 310 Ω
855 277 916 320 74,
945 277 1042 319 213;
1071 276 1242 314 similiter
1270 277 1316 313 de
1343 276 1499 325 syllabis
1519 280 1557 314 et
1573 276 1710 314 litteris
1738 275 1894 324 singulis
1921 278 1960 314 et
1985 275 2083 312 inte
2094 262 2380 324 rpretandia

124 338 162 370 et
194 335 292 372 inter
325 347 365 372 se
405 336 766 383 coniungendis:
814 338 926 374 3496
966 340 1002 372 οἵ
1028 338 1070 372 θ’
1098 335 1242 386 “Υρίην]
1287 335 1331 375 οὐ
1371 337 1647 384 παρέλαβον
1684 325 1899 384 σύνδεσμον
1934 333 2003 372 τὸν
2037 331 2099 381 τ“ε,’
2128 332 2211 374 ἀλλ’
2242 332 2358 377 ὄντας

123 395 394 443 παρέλαβον
423 398 583 444 Θυριάν,
626 398 650 434 i.
671 410 702 435 e.
734 409 807 434 non
834 394 875 436 ἦ
903 398 1194 435 coniunctionem
1223 398 1527 444 subaudiverunt‚
1568 398 1637 436 sed
1666 391 1707 436 ’τ’
1732 397 1861 435 littera
1894 391 1975 434 cum
2022 396 2128 444 υρίην
2162 393 2358 433 coniuncta

124 457 273 502 Θορίαν
300 468 434 495 nomen
463 458 773 507 interpretati
802 464 898 496 sunt.

249 517 289 566 6)
317 519 567 568 suspicari
596 521 691 557 1202
718 522 902 565 καθίστα]
934 550 941 557 .
973 548 980 555 .
1010 548 1017 555 .
1049 549 1056 556 .
1085 523 1153 555 εἰσὶ
1181 520 1233 565 δὲ,
1264 524 1300 555 οἳ
1325 520 1562 568 ἐκτείνουσιν,
1603 517 1684 556 dm)
1721 519 1787 556 τοῦ
1825 517 1916 555 ἱστῶ
1939 516 2009 565 τῆν
2045 516 2167 554 κλίσιν
2203 512 2356 563 παρα·

123 576 464 626 λαμβάνοντες,
493 580 516 616 i.
542 592 573 618 e.
603 580 649 618 ab
678 579 770 616 ἶστῶ
801 581 950 618 verbum
980 581 1078 618 flecti
1111 582 1404 630 suspicantes
1432 581 1490 619 vel
1517 582 1710 630 fingentes.
1765 581 1877 619 K408
1902 576 1984 623 πῶς
2010 574 2091 626 δαὶ]
2120 575 2189 614 δύο
2214 579 2356 625 παρέ-

122 637 232 685 λαβε
258 639 581 688 χαρακτηριστικὰ
614 642 680 677 τοῦ
707 642 876 691 ποιητοῦ,
904 643 926 678 i.
948 655 979 679 e.
1009 643 1192 691 duplicem
1221 643 1369 680 dicendi
1399 655 1514 688 usum,
1554 646 1689 692 poetae
1717 642 1920 691 proprium,
1958 640 2015 678 hic
2052 639 2203 678 subesse
2241 650 2357 676 sus-

123 700 335 751 picatus
365 714 383 739 e
399 705 455 739 st.

249 762 288 811 7)
318 764 540 810 originem
569 766 807 803 deducere
835 768 910 803 sive
940 769 1195 803 derivatum
1225 779 1346 803 esse:
1378 768 1491 803 13672
1518 764 1733 814 Χαρόποιο]
1762 771 1825 802 καὶ
1851 764 1921 812 γὰρ
1950 763 2029 800 ἀπὸ
2056 762 2196 810 γενικῆς
2222 759 2357 798 εὐθεῖά

121 824 201 860 ἐστι
238 825 611 876 παρειλημμένη.
665 826 799 865 Forma
839 829 999 875 genetivi
1039 826 1240 875 Χαρόποιο
1290 828 1434 877 aliquid
1477 826 1689 865 offensionis
1732 827 1842 865 habet
1884 825 2117 869 scholiastae,
2160 824 2216 862 cui
2258 822 2355 861 aliae

122 886 338 923 nominativi
367 891 404 924 et
430 889 591 931 genetivi
636 889 778 926 formae
821 894 972 939 praeter
1011 888 1169 937 Χάροψ,
1210 888 1394 936 Χάροπος
1432 890 1580 937 ignotae
1610 900 1690 926 esse
1720 889 1903 933 videntur,
1944 891 1985 924 ut
2012 886 2171 935 genetivi
2200 885 2356 922 sormam

123 945 326 994 Χαρόποιο
352 949 423 985 sibi
452 950 713 998 explicandam
744 956 848 999 putet
876 963 919 988 eo
976 952 1073 1000 quod
1103 951 1193 987 dicit
1232 951 1442 997 genetivum
1470 949 1655 999 Χάροπος
1683 962 1750 999 pro
1791 949 2016 987 nominativo
2058 948 2233 985 usitatum
2262 958 2355 990 esse,

123 1008 228 1056 quasi
257 1020 353 1046 nova
380 1011 597 1049 nominativi
625 1012 745 1049 forma
773 1025 795 1050 a
823 1014 912 1050 trita
941 1014 1101 1060 genetivi
1131 1012 1358 1050 derivata
1386 1016 1424 1050 et
1453 1012 1656 1050 deducta
1682 1012 1743 1049 sit.

248 1071 416 1109 Alterum
457 1073 525 1109 τοῦ
566 1073 776 1121 λαμβάνειν
817 1075 966 1113 verbum
1008 1075 1262 1123 compositum,
1300 1071 1603 1128 ι-ἳπολαμβάνειν,
1642 1076 1716 1111 iam
1758 1072 1963 1123 Stephanus
1996 1084 2026 1110 s.
2046 1084 2079 1109 v.
2108 1071 2200 1110 bene
2240 1071 2357 1109 inter-

121 1139 310 1183 pretatur:
341 1138 536 1175 orationi
566 1139 632 1175 vel
663 1141 758 1176 voci
785 1142 1063 1178 sententiam
1090 1141 1325 1177 subicere:
1354 1141 1445 1177 „2163
1462 1136 1616 1187 μάντιν]
1636 1137 1781 1187 μήποτε
1799 1139 1840 1175 δὲ
1860 1136 2108 1185 ὀνειροκρίτην
2130 1135 2357 1184 ὑπείληφεν,

122 1196 147 1232 i.
170 1209 202 1234 e.
232 1199 431 1236 verendum
461 1204 528 1245 est,
559 1212 604 1238 ne
631 1199 772 1248 μάντιν
800 1201 1008 1239 Zenodotus
1037 1214 1114 1251 per
1144 1213 1343 1240 errorem
1376 1202 1726 1250 interpretatus
1756 1204 1824 1239 est
1849 1199 2073 1238 somniorum
2100 1199 2354 1248 interpretem.

248 1259 415 1309 Denique
443 1260 754 1315 μεταλαμβάνειν
782 1263 850 1300 huc
885 1267 1043 1312 spectat.
1098 1264 1319 1313 Exemplum
1360 1263 1521 1299 maxime
1565 1262 1765 1299 dilucidum
1807 1261 1993 1298 invenitur
2033 1260 2131 1309 apud
2160 1259 2357 1309 Didymum

121 1325 232 1360 Blll
261 1322 370 1372 μέγα]
398 1325 499 1361 κατά
529 1340 636 1369 τινας
662 1325 738 1363 τών
767 1328 1049 1375 ὑπομνημάτων
1082 1329 1335 1376 μετειλῆφθαι
1363 1326 1406 1363 τό
1432 1330 1527 1374 μέγα
1571 1325 1658 1363 ἀντὶ
1698 1325 1766 1362 τοῦ
1805 1324 1984 1372 μεγάλως,
2024 1337 2117 1374 quae
2144 1325 2258 1362 verba
2282 1325 2356 1363 iam

123 1383 318 1421 Lehrsius:
349 1387 393 1422 de
423 1388 539 1424 Arist.
568 1389 665 1425 stud.
697 1394 765 1426 etc.
795 1401 830 1439 p.
864 1391 908 1426 17
939 1389 1052 1426 latine
1082 1390 1134 1425 ita
1164 1389 1294 1426 vertit:
1339 1400 1454 1439 quare
1484 1388 1595 1425 etiam
1623 1388 1661 1424 in
1691 1387 1910 1440 quibusdam
1938 1385 2144 1423 Aristarchi
2172 1396 2354 1423 commen-

122 1447 228 1485 tariis
258 1449 474 1487 vocabulum
501 1453 597 1497 μέγα
627 1451 664 1488 h.
685 1452 709 1488 l.
740 1465 806 1500 per
833 1451 1001 1498 μεγάλως
1029 1453 1249 1489 translatum
1278 1453 1445 1490 inveniri.
1505 1448 1901 1497 Μεταλαμβάνειν
1927 1449 2039 1496 igitur
2066 1452 2139 1487 est:

249 1509 287 1557 1)
308 1512 601 1552 transferre,
632 1518 834 1558 vertere,
866 1513 1146 1563 explanare,
1177 1513 1513 1563 interpretari.
1568 1512 1722 1561 Saepius
1746 1522 1860 1560 genus
1880 1506 2039 1548 activum
2059 1510 2229 1550 occurrit.
2256 1510 2357 1548 velut

113 1573 198 1609 5258
233 1570 406 1621 γυναῖκα]
441 1574 553 1609 τοῦτο
585 1574 676 1610 ἔνιοι
712 1575 786 1610 τῶν
818 1576 989 1622 κριτικῶν
1022 1574 1120 1610 κατὰ
1149 1581 1392 1622 συνωνυμίαν
1418 1571 1842 1621 μεταλαμβάνουσι,
1881 1572 2045 1616 λέγοντες
2084 1570 2224 1609 ταύτὸν
2260 1569 2355 1609 εἶναι

121 1640 281 1679 γυναῖκα
309 1639 371 1670 καὶ
401 1633 615 1683 ἄνθρωπον
644 1645 707 1673 και
736 1635 905 1685 &unnim
934 1637 968 1674 h.
990 1651 1044 1675 e.:
1076 1645 1225 1675 versum

712 1698 857 1744 ιἘκτωρ
884 1701 954 1744 μὲν
983 1698 1121 1747 θνητός
1149 1713 1186 1734 τε
1215 1697 1374 1743 γυναῖκά
1401 1712 1439 1733 τε
1467 1696 1619 1744 θήσατο
1645 1695 1769 1742 μαζόν

120 1756 175 1794 ita
202 1757 592 1807 interpretantur:
620 1758 766 1807 ιἘκτωρ
798 1759 938 1808 θνητός
966 1759 1018 1797 ὠν
1046 1760 1191 1809 θνητὸν
1217 1758 1342 1807 μαζὸν
1370 1759 1552 1809 ἑθήσατο.
1608 1757 1836 1808 Praepositio
1864 1761 1913 1801 εἰς
1940 1757 2158 1795 adsciscitur
2185 1758 2268 1795 OlO
2293 1763 2356 1794 καὶ

120 1817 200 1864 Ἀρ.
227 1819 609 1866 μεταλαμβάνει
654 1823 719 1868 (so.
749 1823 790 1857 τό
822 1822 964 1870 εἴσατο)
1006 1826 1054 1864 είς
1091 1820 1135 1858 τὸ
1178 1821 1366 1871 ιῖπῆρχοη
1405 1822 1427 1858 i.
1451 1833 1482 1857 e.
1512 1820 1747 1857 Aristarchus
1790 1820 1869 1874 ipse
1910 1830 2054 1869 quoque
2099 1822 2226 1856 εἴσατο
2255 1818 2356 1856 verbi

121 1881 309 1919 notionem
352 1882 595 1931 explanat
637 1897 683 1921 ex
723 1885 871 1922 notione
899 1885 975 1922 sive
1004 1897 1071 1933 per
1102 1885 1287 1921 notionem
1315 1884 1380 1919 τοῦ
1411 1881 1560 1930 ὑπῆρχε,
1583 1882 1660 1919 -vel
1701 1881 1897 1919 alterius
1942 1882 2031 1918 vim
2075 1881 2119 1918 in
2160 1880 2355 1918 alterum

121 1943 381 1987 transfert;
411 1944 531 1981 simm.
561 1946 677 1983 A567
706 1946 830 1990 52:313,
860 1944 983 1992 3162)

246 2007 285 2052 2)
315 2004 481 2043 Paullum
521 2007 567 2044 ab
609 2007 677 2045 hac
719 2008 821 2046 verbi
866 2009 1056 2056 provincia
1093 2009 1252 2046 discedit
1284 2020 1368 2045 usus
1398 2007 1543 2054 generis
1572 2005 1723 2055 passivi,
1768 2018 1799 2043 e.
1824 2018 1858 2053 g.
1894 2007 2012 2043 A114
2039 2003 2083 2042 οὔ
2107 2002 2212 2054 ἑθεν]
2242 2002 2357 2048 οὕτως

121 2065 365 2116 ὄξυτονιγτέον
393 2072 458 2114 (sc.
486 2066 530 2105 τό
559 2069 634 2118 οὔ),
662 2070 709 2107 ἵν’
740 2074 810 2115 εἰς
839 2068 965 2117 ἁπλῆν
991 2069 1300 2123 μεταληφθῇ
1330 2068 1587 2120 ἦιίντωνυμιά
1612 2073 1648 2105 et
1676 2069 1786 2105 Γ128
1816 2068 1878 2112 οὕς
1904 2064 2006 2116 ἑθεν]
2036 2066 2245 2113 ἐγκλιτικοῖς
2273 2066 2355 2104 dve-

120 2127 273 2176 γνώσθη
291 2129 356 2165 διὰ
385 2130 427 2167 vd
453 2131 854 2179 μεταλαμβανόμενον,
884 2132 962 2167 ἐπεὶ
981 2134 1030 2172 εἰς
1049 2130 1176 2180 ἁπλῆν
1198 2130 1216 2180 ἦ
1233 2130 1459 2179 μετάληψις,
1488 2128 1551 2171 οὓς
1572 2129 1685 2178 αὐτῆς
1706 2159 1713 2166 .
1729 2159 1736 2167 .
1754 2158 1761 2166 .
1782 2129 1837 2165 ὅτι
1860 2133 1978 2177 εἰμὲν
1996 2129 2060 2176 (sc.
2080 2126 2102 2178 ἡ
2120 2128 2209 2166 ἑθεν
2236 2128 2355 2166 οἷντω-

120 2188 254 2238 νυμιά)
283 2196 332 2236 εἰς
358 2190 485 2242 ἁπλῆν
511 2191 999 2241 μεταλαμβάνοιτο,
1029 2192 1236 2239 ἓγκλιτικῶς
1261 2191 1531 2239 ἀναγινώσκειν
1560 2191 1626 2240 δεῖ,
1653 2195 1686 2230 εί
1712 2191 1752 2230 δὲ
1770 2196 1819 2236 είς
1838 2189 2040 2238 σύνθετον,
2069 2189 2355 2240 ὄρθοτονητέον.

245 2253 283 2289 In
314 2258 469 2302 utroque
498 2255 594 2290 enim
623 2254 762 2290 scholio
793 2266 850 2291 res
871 2259 927 2291 est
955 2256 1000 2291 de
1028 2255 1118 2290 ἑθεν
1146 2254 1375 2302 pronomine.
1430 2253 1496 2290 Cui
1524 2255 1555 2290 si
1584 2260 1756 2291 accentus
1775 2266 1861 2290 suus
1890 2254 2115 2299 conceditur,
2145 2262 2351 2299 pronomen

119 2314 341 2362 intelligitur
383 2316 625 2365 compositum
667 2316 744 2353 sive
785 2315 999 2353 reflexivum
1027 2315 1175 2352 ἑαυτοῦ.
1244 2314 1307 2351 Sin
1347 2314 1516 2353 enclitice
1563 2315 1836 2364 pronuntiatur,
1888 2314 2106 2352 subauditur
2152 2323 2354 2363 pronomen

119 2376 279 2425 simplex
306 2378 383 2414 sive
412 2377 609 2426 personale
639 2377 769 2414 αὑτοῦ.
814 2376 956 2414 Nostris
976 2382 1099 2414 autem
1121 2377 1212 2413 locis
1240 2388 1320 2413 cun]
1345 2377 1563 2424 pronomine
1592 2376 1781 2426 personali
1810 2388 1902 2426 opus
1930 2388 2011 2414 esse
2039 2376 2241 2420 videretur,
2271 2374 2352 2412 fieri

120 2450 193 2475 non
222 2439 353 2487 potuit,
383 2439 471 2488 quin
500 2439 670 2477 enclitice
700 2439 842 2487 legeret
869 2439 1080 2482 scholiasta,
1112 2444 1151 2476 ut
1179 2450 1382 2487 pronomen
1411 2439 1671 2488 particeps
1713 2442 1839 2476 esset
1876 2438 2086 2475 notionis
2128 2436 2355 2487 pronominis

120 2501 299 2551 simplicis
328 2502 405 2539 sive
432 2502 641 2551 personalis
671 2501 740 2549 (sic
768 2501 976 2550 Stephanus
995 2514 1023 2537 s.
1043 2501 1106 2548 v.).
1136 2501 1243 2550 quasi
1273 2501 1317 2536 in
1347 2501 1448 2537 eius
1478 2500 1780 2549 provinciam
1808 2506 1852 2537 tr
1866 2501 2075 2543 ansiret;
2102 2499 2221 2537 simm.
2243 2498 2356 2536 3175

120 2564 233 2602 Ε800
260 2564 361 2602 1392
390 2565 499 2602 Κ307
531 2565 652 2602 M148
682 2565 796 2602 Ν542
824 2563 937 2603 Ξ449
966 2565 1087 2609 0146,
1117 2564 1187 2601 241
1222 2565 1349 2601 111387.

245 2623 286 2674 3)
317 2625 485 2675 Denique
528 2630 831 2671 commutare,
873 2626 1031 2664 alterum
1076 2638 1114 2663 re
1153 2637 1241 2662 vera
1280 2636 1418 2674 ponere
1446 2625 1504 2662 vel
1545 2625 1708 2662 scribere
1736 2636 1803 2673 pro
1832 2624 1962 2670 altero,
2007 2624 2046 2662 id
2077 2623 2174 2673 quod
2203 2622 2355 2661 Lehrsio

119 2693 270 2726 auctore
298 2688 685 2736 μεταλαμβάνειν
714 2689 813 2736 apud
842 2689 1013 2736 antiquos
1042 2692 1110 2731 est,
1139 2688 1354 2724 vertendum
1384 2691 1461 2724 est:
1494 2688 1611 2724 [1243
1633 2684 1843 2734 ἐπίστηται]
1971 2687 2072 2722 ἔστιν
2096 2683 2165 2724 οὖν
2187 2684 2272 2722 άντὶ
2289 2687 2356 2722 τοῦ

118 2751 334 2796 ἐπίσταται,
362 2755 426 2786 καὶ
452 2749 751 2797 μετείληπται
779 2746 823 2785 τὸ
849 2744 878 2783 ἆ
896 2752 945 2791 είς
971 2748 1015 2786 τό
1042 2750 1089 2799 ffi-
1116 2749 1216 2786 idem
1247 2749 1366 2792 Mf>6;
1395 2748 1512 2785 simin.
1542 2749 1653 2786 [1281
1685 2745 1784 2797 ἢδεῑ
1799 2745 1866 2796 τήν
1886 2745 2032 2785 πτῶσιν
2057 2746 2355 2794 μεταλαβεῖν,

248 2861 269 2899 ²)
294 2861 334 2892 cf.
358 2861 478 2894 Lehrs:
501 2861 599 2892 Arist.
622 2861 703 2892 stud.
726 2860 746 2893 l.
769 2870 794 2892 c.
817 2870 845 2900 p.
869 2860 923 2893 19:
947 2860 1007 2891 alio
1030 2860 1117 2891 modo
1139 2859 1248 2892 dicere.
