2510 3250
143 332 208 365 'aut
227 321 379 365 Homeri
398 329 602 368 sententia:
633 325 791 376 denique
813 329 858 365 de
881 326 1027 376 periodi
1048 331 1207 376 partium
1230 330 1409 367 relatione
1430 332 1545 369 [1633
1574 332 1836 380 ἀμφίβολος
1862 342 1978 372 κεῖται
1997 334 2042 372 τὰ
2061 334 2198 383 ἒρῶρει.
2253 332 2369 372 Juxta

139 395 262 428 autem
282 391 405 439 posita
422 394 506 427 sunt
527 388 802 438 ἀμφίβολος
830 393 877 433 et,
909 390 1005 438 quod
1035 391 1067 427 ei
1097 391 1319 428 eontrarium
1349 394 1416 436 est,
1446 389 1600 438 εὔδηλος
1627 393 1745 431 A323
1773 392 2050 444 xenodg‘eidvv’]
2079 394 2206 441 οὕτως,
2243 392 2369 434 ἑλόντε

139 458 255 504 ἄγειν,
282 455 538 502 Ἀρίσταρχος,
571 458 634 491 ἵνα
663 453 706 491 τό
726 452 854 491 δυϊκόν
881 454 1037 508 εὖὸῃλον
1065 452 1097 508 ᾖ.
1131 455 1156 492 οἷ
1164 458 1252 504 μφί
1259 456 1403 502 βολον
1430 455 1501 504 γάρ
1528 458 1646 505 ἔσται,
1673 457 1744 496 ἐοὶν
1770 458 1869 497 nato?
1896 458 2133 508 συναλοιφὴν
2158 456 2369 506 α’ναγινῶσ··

138 535 285 568 κωμεν;
326 520 349 556 i.
371 532 402 556 e.
433 522 473 555 ut
514 518 791 556 manifestus
831 523 867 556 et
901 523 1057 557 certus
1099 521 1148 557 sit
1174 531 1344 557 numerus
1373 521 1505 566 dualis,
1550 523 1612 571 qui
1649 523 1900 569 ambiguus
1938 528 1974 562 et
2001 525 2207 561 incertus
2240 527 2297 561 est
2328 524 2365 560 in

137 581 256 620 ἑλόντ’
286 581 425 621 forma;
466 580 595 616 eadem
626 579 707 616 fere
739 580 863 617 K335.
919 579 1120 618 Praeterea
1147 582 1373 618 eontrarium
1401 585 1458 619 est
1485 582 1697 631 ἀμφίβολος
1724 588 1762 621 et
1788 584 1999 633 ἀμφιβολία
2029 585 2175 622 vocibus
2201 582 2368 639 QZ&

139 646 374 690 adiectivum‚
405 645 502 695 quod
530 645 710 693 scriptum
739 646 893 690 legimus
922 647 1046 681 M442
1066 646 1121 681 ὅτι
1141 647 1205 681 dui
1227 647 1361 683 τούτου
1388 646 1591 691 ειῗκρινὲς
1618 652 1756 694 γίνεται
1777 647 1819 684 τό
1837 648 1900 695 τῆς
1917 652 2184 697 προειρημένης
2202 647 2366 695 ἀμφιβο-

137 708 233 751 λίας,
262 709 285 743 i.
306 720 336 743 e.
367 708 452 755 quia
481 707 536 742 his
565 707 686 742 verbis
717 708 852 743 clara
879 708 935 744 vel
958 709 1166 745 dilucida
1194 710 1295 747 finnt,
1326 721 1417 756 quae
1447 709 1620 755 ambigua
1648 714 1755 746 erant
1782 710 1820 747 in
1848 709 2014 747 versibus
2043 708 2360 748 antecedentibus.

262 769 421 805 Verbum
450 769 608 816 denique
639 767 954 820 α’μφιὲάλλεσθαι
983 771 1142 807 occurrit
1168 771 1273 809 >5191
1305 768 1381 816 Ἀρ.
1437 768 1667 819 ἀναστρέφει
1706 768 1775 821 τήν
1801 769 1989 821 πρόθεσιν
2015 769 2109 820 πρὸς
2133 768 2177 807 τό
2202 768 2253 820 μῆ
2282 768 2365 818 οἷμ-

136 834 476 882 φιβάλλεσθαι,
506 832 529 872 i.
551 846 582 873 e.
613 846 657 873 ne
688 832 903 883 ambigua
930 833 1019 874 fiant
1047 846 1136 875 neve
1165 834 1508 886 perturbentur
1535 834 1659 874 verba.

811 988 855 1028 ll.
884 986 1014 1037 Agere
1043 988 1105 1027 vel
1134 987 1318 1027 iudicare
1348 988 1395 1027 de
1422 987 1516 1027 loco
1545 988 1700 1038 aliquo.

260 1070 376 1107 Huius
407 1070 519 1117 igitur
548 1071 694 1117 generis
736 1071 804 1107 loci
853 1072 1127 1108 accuratissime
1166 1074 1442 1119 pertractantur
1481 1083 1502 1108 a
1541 1071 1749 1109 scholiastis
1794 1073 1940 1110 nostris.
1995 1072 2151 1116 Quorum
2196 1073 2358 1109 locorum

135 1132 396 1180 ambiguitates
424 1135 464 1167 ut
491 1133 729 1178 sagacissime
766 1132 1010 1180 explicentur,
1052 1133 1230 1177 regulis
1268 1133 1485 1180 quibusdam
1522 1137 1558 1168 et
1586 1134 1780 1169 iudiciis
1820 1146 1911 1182 opus
1936 1138 2012 1172 est:
2057 1147 2088 1170 e.
2118 1147 2152 1178 g.
2182 1135 2292 1170 52318
2320 1133 2360 1170 ε”ἱῐ

131 1191 430 1240 κληῑσῆἰραρυῖα]
461 1195 662 1240 quaeritur.
693 1198 812 1228 utrum
842 1192 940 1227 κατοέ
968 1192 1162 1236 σύνθεσιν.
1191 1208 1240 1229 se.
1261 1193 1412 1241 ειῗκλήϊς,
1440 1207 1487 1230 an
1513 1191 1612 1229 κατοέ
1639 1192 1877 1241 συναλοιφῆν
1895 1195 2054 1242 legenda
2072 1195 2147 1232 Sint
2169 1194 2357 1238 vocabula,

132 1266 183 1290 se.
212 1253 252 1288 ἐῢ
279 1253 408 1299 aei-mol
464 1255 586 1302 Atque
624 1267 703 1290 eum
749 1254 985 1290 Aristarchus
1028 1255 1172 1302 quidem
1217 1255 1431 1292 vocabulum
1473 1266 1553 1292 esse
1583 1255 1823 1303 compositum
1854 1254 2025 1303 (ειῗκλή-ϊς)
2055 1255 2197 1297 feeerit,
2235 1261 2358 1294 noster

130 1314 422 1362 (Herodianlls?)
464 1327 538 1352 rem
569 1315 622 1352 ita
651 1315 821 1364 exponit:
866 1317 897 1351 εἰ
936 1313 995 1364 δ’ἧ
1033 1319 1256 1365 προκειμένη
1285 1314 1378 1359 λέξις
1415 1317 1564 1362 κρίσεως
1599 1316 1730 1363 δεῖται,
1770 1315 1897 1364 δῆλον,
1937 1316 1992 1352 ὅτι
2031 1319 2223 1359 συνθέτως
2263 1315 2357 1353 οἷνα·

130 1378 370 1426 γνωσόμεθα,
403 1381 503 1425 ὅπως
530 1379 581 1429 μή
610 1380 719 1429 παρά
748 1380 815 1430 τήν
843 1380 1050 1429 συνήθειαν
1078 1381 1144 1415 τοῦ
1171 1381 1327 1430 ποιητοῦ
1355 1381 1430 1418 κτλ.
1486 1380 1596 1419 Putat
1623 1382 1737 1427 igitur
1768 1381 1963 1419 lectionem
1997 1381 2098 1418 κατοῗ
2127 1379 2358 1429 συναλοιφήν

128 1444 276 1489 praeter
305 1445 437 1489 poetae
468 1454 571 1479 usum
602 1454 695 1487 esse,
739 1454 812 1492 qua
853 1453 990 1479 eausa
1034 1453 1149 1491 quove
1193 1443 1368 1479 iudicio
1412 1443 1514 1480 huius
1554 1444 1623 1480 loci
1655 1444 1852 1480 difficultas
1881 1445 2018 1493 optime
2048 1444 2197 1480 levetur.
2256 1441 2354 1478 Idem

127 1503 196 1539 sibi
239 1502 316 1538 vult
358 1501 399 1537 τό
426 1501 648 1557 κρινόμενον
695 1504 793 1552 apud
832 1503 1082 1540 Herodianum
1114 1505 1208 1541 P201
1246 1506 1269 1538 α’
1298 1502 1400 1551 δῆλ’]
1443 1503 1550 1551 ζητεῖ,
1586 1505 1666 1547 πῶς
1693 1504 1749 1540 δεῖ
1775 1505 1933 1548 τονίζειν
1962 1508 1987 1539 τί
2016 1505 2121 1551 denis,
2150 1503 2170 1553 ἢ
2198 1506 2223 1540 α’
2252 1503 2354 1540 δεῖλ’.

128 1568 159 1604 Is
189 1579 410 1616 quamquam
441 1570 466 1604 οἱ
492 1568 580 1603 dett?
612 1570 773 1617 priorem
805 1581 884 1605 esse
914 1570 1012 1616 apud
1042 1573 1189 1616 poetam
1219 1570 1413 1607 lectionem
1443 1571 1543 1612 dicit,
1587 1574 1710 1607 tamen
1747 1571 1962 1607 recentioris
1991 1570 2124 1607 aetatis
2152 1569 2353 1606 scholiasta

126 1629 269 1679 pergit:
302 1657 468 1665 .....
498 1632 792 1676 περιγέγραπται
821 1636 882 1667 καὶ
912 1628 931 1664 ὁ
960 1629 1087 1673 τόνος·
1116 1629 1165 1665 τό
1194 1628 1479 1676 κρινόμενον
1509 1633 1638 1676 ἐκεῖνο,
1666 1634 1730 1666 ἳνα
1759 1630 2002 1677 ἐπιστάμενοι
2033 1630 2273 1676 α’ναγνῶμεν·
2316 1631 2356 1664 ἓν

124 1693 226 1728 ἐστιν
267 1696 396 1737 εἰπεῖν,
437 1695 469 1727 εἰ
506 1692 613 1731 ἅπαξ
653 1692 945 1740 περιγέγραπται
989 1690 1031 1726 τό
1073 1693 1220 1740 φωνῆεν
1247 1690 1290 1727 τὸ
1318 1692 1402 1738 ἔχον
1430 1691 1497 1740 τήν
1531 1692 1667 1737 ὀξεῖαν,
1711 1691 1730 1728 ὁ
1755 1691 1861 1734 τόνος
1889 1695 2054 1737 γενέσθω
2082 1691 2144 1736 τῆς
2171 1692 2357 1737 προτέρας

123 1754 323 1800 συλλαβῆς,
352 1751 433 1799 οιῗχὶ
461 1754 521 1789 ἐπὶ
553 1754 687 1795 τέλους.
744 1752 899 1790 Videtur
927 1754 1038 1801 igitur
1081 1752 1126 1789 τό
1161 1752 1449 1800 κρινόμενον
1490 1766 1570 1791 esse
1599 1754 1745 1802 generis
1775 1753 1899 1796 medii,
1943 1759 1981 1789 ut
2008 1751 2235 1800 significetur
2276 1750 2351 1787 iu-

126 1814 300 1851 (licium
332 1819 408 1851 aut
436 1819 565 1855 nota,
595 1826 667 1864 qua
697 1814 785 1851 baec
813 1816 979 1864 quaestio
1011 1817 1251 1863 grammatica
1279 1816 1356 1852 sive
1385 1816 1619 1865 prosodiaea,
1648 1827 1739 1851 non
1768 1815 1910 1857 critica,
1940 1815 2173 1851 diiudicetur.
2228 1811 2354 1860 Itaque

123 1877 196 1927 qui
226 1888 271 1913 ex
303 1877 431 1912 liuius
460 1878 577 1913 modi
607 1877 800 1912 iudiciis
830 1881 893 1913 aut
918 1879 1013 1914 notis
1035 1878 1185 1914 Homeri
1209 1890 1333 1914 versus
1363 1879 1566 1926 exponit
1588 1884 1632 1914 et
1659 1880 2009 1924 interpretatur
2036 1873 2193 1929 aga-vande
2221 1874 2355 1912 dicitur

122 1945 206 1978 5258
227 1940 401 1989 γυναῖκα]
430 1944 542 1977 τοῦτο
563 1945 655 1977 ἔνιοι
676 1946 750 1976 τῶν
776 1942 990 1987 κριτικῶν
1017 1944 1116 1977 κατεὶ
1136 1946 1377 1988 σι’νωνιιμίαν
1396 1942 1784 1988 μεταλαμβάνουσιν;
1809 1939 2065 1987 γραμματικός
2085 1946 2206 1979 autem
2228 1940 2352 1978 [1415.

123 2010 175 2044 De
204 1999 451 2055 >ep-’vav'ips0
482 2010 593 2045 verbo
624 2010 708 2045 vide
737 2010 838 2045 infra
866 2010 932 2045 sub
962 2008 1021 2046 IV.

247 2069 396 2108 Verba
425 2069 559 2118 agendi
590 2069 645 2108 vel
676 2069 891 2120 disputandi
920 2070 964 2110 de
994 2069 1117 2121 aliquo
1145 2073 1248 2109 sunt:
1278 2068 1494 2118 διακρίνειν,
1519 2068 1733 2115 ἐπικρίνειν,
1765 2069 1881 2105 ὁιαλα
1912 2068 2053 2125 βάνειιζ.
2111 2068 2175 2105 Rei
2203 2073 2350 2118 syntac-

120 2138 215 2174 tieae
258 2135 497 2174 dim-unates
527 2134 708 2173 tolluntur
746 2135 792 2173 ab
829 2135 1076 2183 Aristonico¹)
1109 2135 1222 2173 ³11509
1252 2134 1307 2171 ὅτι
1347 2137 1457 2172 τοῦτο
1487 2137 1754 2182 διακρίνει
1791 2136 1859 2181 τήν
1884 2137 1924 2170 ἐν
1950 2137 2078 2177 ἄλλοις
2106 2135 2351 2181 ἀμφιβολίαν.

122 2199 172 2236 De
203 2210 241 2235 re
276 2199 357 2247 ipsa
385 2198 480 2244 vide,
507 2198 571 2242 sis,
600 2209 637 2247 p.
666 2200 701 2233 3.
759 2197 891 2233 Nostro
922 2199 1033 2244 igitur
1061 2199 1140 2234 1000
1185 2210 1265 2234 cum
1298 2199 1475 2245 seriptum
1517 2199 1583 2233 sit:
1631 2199 1782 2244 δίφροιο
1811 2223 1972 2232 .....
2000 2195 2350 2244 παμφανόωντος,

119 2261 182 2299 illa
211 2273 355 2310 quoque
383 2261 605 2308 ambiguitas
634 2261 700 2302 (sc.
732 2262 861 2308 (9435)
897 2262 1237 2297 diiudicatur.

243 2333 411 2370 Alterum
438 2332 506 2368 τοῦ
533 2332 850 2381 κρίνεινῖνοτὺιιῑη
880 2332 1122 2381 compositum
1151 2332 1311 2368 traditur
1340 2332 1446 2368 Ν191
1483 2333 1827 2376 ἐπικρίνομεν
1853 2330 1954 2377 ἡμεῖς
1980 2334 2065 2376 περὶ
2091 2330 2154 2377 τῆς
2183 2328 2350 2376 ἀναγνώ-

116 2406 218 2441 σεως,
246 2396 267 2431 i.
289 2407 320 2431 e.
350 2400 467 2443 post
494 2395 718 2431 alterum
747 2395 907 2431 iudicem
937 2407 1001 2431 nos
1031 2395 1136 2443 quasi
1164 2396 1326 2431 secunda
1354 2396 1498 2431 actione
1529 2395 1580 2430 ita
1610 2395 1653 2430 de
1684 2405 1809 2430 versus
1832 2393 1989 2430 leeuone
2018 2392 2348 2437 diiudicamus,

118 2468 228 2504 quam
258 2458 407 2505 quidem
436 2457 540 2493 verbi
570 2457 756 2493 notionem
786 2456 993 2503 Stephanus
1023 2458 1060 2493 in
1088 2456 1298 2493 thesaurum
1329 2467 1401 2492 non
1431 2455 1582 2503 recepit.

242 2529 473 2566 Herodianus
502 2541 589 2565 vero
619 2529 753 2577 quique
784 2542 865 2565 eum
893 2532 1097 2577 sequuntur
1115 2540 1261 2576 semper
1282 2527 1359 2564 fere
1382 2532 1533 2564 utuntur
1557 2527 1666 2564 verbo
1697 2524 2046 2572 διαλαμβάνειν
2071 2528 2178 2574 περί
2204 2539 2243 2561 τι
2259 2540 2349 2574 νος,

113 2591 135 2626 i.
157 2603 188 2627 e.
219 2591 473 2631 disserere,
513 2591 777 2638 disceptare
823 2591 873 2627 de
915 2590 1075 2638 aliqua
1118 2602 1175 2626 re.
1232 2590 1341 2626 5289
1370 2587 1635 2637 ι·αλαύρινον]·
1645 2616 1809 2625 .....
1818 2588 1986 2635 ’όᾳείλει
2015 2586 2279 2635 φνλάττεσθαι
2306 2585 2350 2624 τό

242 2734 263 2773 ¹)
287 2733 477 2765 scholiorum
499 2737 642 2765 auctores
665 2733 713 2765 his
735 2733 858 2772 quidem
881 2734 1001 2764 schedis
1023 2734 1201 2773 plerumque
1229 2743 1289 2763 non
1320 2732 1528 2771 ascripsimus,
1563 2732 1593 2762 id
1619 2732 1696 2769 quod
1720 2730 1872 2770 prioribus
1895 2732 2077 2765 solebamus,
2114 2732 2150 2761 Α.
2173 2730 2348 2761 Lndwichii

110 2786 212 2816 verbis
233 2785 390 2823 commoti,
419 2785 530 2823 quibus
552 2795 606 2815 nos
629 2786 824 2820 admonebat,
861 2795 898 2816 ne
921 2785 1051 2815 nimium
1074 2786 1271 2824 exigeremus
1301 2786 1340 2815 ab
1364 2786 1418 2814 hoc
1450 2784 1685 2814 scholiastarum
1713 2784 1834 2814 dicen-li
1864 2793 1930 2819 usu,
1962 2792 2030 2813 cum
2060 2782 2148 2813 nobis
2177 2782 2348 2813 scriberet:

108 2839 176 2868 eine
199 2848 231 2868 so
254 2839 372 2868 sichere
394 2838 547 2869 Fnhrerin
570 2838 612 2869 ist
633 2838 718 2869 ‹liese
742 2837 972 2877 Terminologie
1007 2838 1081 2868 doeh
1104 2837 1200 2874 nieht,
1233 2837 1305 2868 dass
1339 2836 1383 2867 sie
1418 2835 1514 2867 allein
1547 2836 1639 2867 sehon
1673 2835 1722 2866 eiu
1756 2834 1993 2866 ansreichendes
2018 2833 2191 2865 Kriterinm
2224 2834 2275 2865 fur
2297 2834 2347 2865 die

108 2889 286 2930 scheidung
307 2889 361 2920 der
383 2889 546 2920 einzelnen
570 2889 709 2920 Scholien
732 2890 810 2919 nach
835 2889 893 2919 <len
918 2889 1079 2919 einzelnen
1107 2890 1241 2918 Antoren
1267 2888 1406 2927 abgeben
1430 2888 1555 2918 kemite.
