2510 3250
1217 206 1240 241 9

114 326 143 363 i.
161 338 194 364 e.
224 325 452 374 &mamm
493 326 726 364 scribendum
768 330 825 364 est
864 338 931 376 pro
972 329 1095 364 textus
1135 324 1333 372 ἐλπόμενοι
1344 341 1358 373 ‚·
1398 327 1494 363 idem
1538 328 1697 364 occurrit
1741 328 1855 365 2138ss
1884 324 1917 375 ὅ]
1960 326 2059 374 ὅμως
2085 327 2125 363 δὲ
2153 331 2201 370 εἰς
2228 326 2270 363 τὸ
2299 326 2337 370 ὂς

117 385 369 423 ὑποτακτικὸν
408 385 559 434 ἄρθρον
601 386 694 424 αὐτὸ
728 389 1050 436 μεταληπτέον
1058 401 1072 433 ,·
1118 388 1290 436 displicet
1327 387 1546 425 scholiastae
1589 386 1620 427 ὃ,
1663 392 1703 425 ut
1731 388 1750 424 ὁ
1778 389 1971 426 articulum
2005 390 2040 425 in
2072 388 2111 431 ὂς
2138 389 2331 426 relativum

118 448 485 485 commutandum
514 460 594 486 esse
622 449 734 486 dicat.

241 506 468 563 Μετάλῃψις
495 511 763 547 substantivum
792 515 830 549 et
856 509 898 547 τὸ
926 509 1312 566 μεταλαμβανόμενο-ι)
1340 510 1575 559 participium
1604 513 1725 547 autem
1755 511 1874 548 verbis
1904 514 1940 548 et
1962 515 2177 558 argumento
2206 511 2333 548 scholii

117 573 224 610 T128
252 571 356 623 ἑθεν]
381 574 587 619 ἐγκλιτικῶς
623 574 844 623 ἀνεγνώσθη
882 575 948 612 dcc?
987 575 1031 612 τὸ
1068 574 1617 623 μεταλαμβανόμενον,
1651 575 1729 610 ἐπεὶ
1761 579 1810 617 εἰς
1839 574 1966 622 οἱπλῆν
2000 574 2021 624 ἦ
2046 575 2336 623 μετάληψις

118 632 218 681 (vide
236 645 350 683 supra
366 645 395 671 s.
417 646 449 671 v.
469 635 776 683 μεταλαμβάνειν
794 635 861 673 No.
882 637 919 684 2)
950 637 1103 674 docetur
1131 636 1232 673 alind
1258 648 1338 673 esse
1366 647 1438 672 non
1465 647 1574 684 posse
1603 635 1673 672 uisi
1700 635 1906 672 notionis
1934 638 2333 674 commutationem

118 694 223 742 (nosz
253 693 686 744 ffiebeutungssmecbfel)
715 698 791 734 sive
820 698 1233 747 participationem
1275 696 1343 744 (sic
1371 695 1594 745 Stephanus)
1630 698 1693 732 aut
1725 698 1985 733 transitum
2013 699 2055 734 in
2084 709 2335 746 pronomen

117 757 389 807 personale.

241 818 566 874 Avogna'iqnwu
592 821 775 857 adiectivo
803 822 917 857 utitur
943 817 1142 858 scholiasta
1169 822 1284 858 ,4268
1313 819 1442 869 ὀξεῖαι]
1470 826 1532 856 καὶ
1559 822 1660 856 ἔστιν
1700 820 2080 867 δυσμετάληπτον
2120 822 2162 858 τό
2199 822 2334 868 ὄνομα.

116 892 194 927 τοῖς
219 887 507 932 πεπειραμένοις
542 884 661 932 μόνον
697 883 833 933 δῆλον·
869 884 1078 933 κυριώτατα
1113 885 1185 924 οὖν
1223 894 1338 923 κεῖται
1375 885 1417 922 τὸ
1444 885 1571 927 ὀξεῖαι.
1625 884 1864 923 Grammatici
1904 888 2088 924 sententia
2127 887 2215 925 haec
2254 900 2333 925 esse

119 946 276 991 videtur,
304 950 345 984 ut
369 949 476 996 putet
504 946 619 987 ὀξεῖαι
649 948 870 985 adiectivum
898 947 1114 985 collocatum
1143 960 1222 985 esse
1251 950 1356 997 quasi
1380 948 1600 985 substantivi
1629 947 1721 985 loco.
1776 947 1874 991 Quae
1903 949 1934 985 si
1964 949 2016 985 ita
2042 953 2139 995 sunt,
2167 950 2334 999 profecto

118 1008 340 1046 difficile
367 1009 417 1046 sit
442 1012 709 1047 commutare
737 1010 794 1047 vel
819 1009 1069 1047 transferre
1096 1010 1173 1047 sive
1201 1013 1379 1047 vertere
1408 1011 1526 1058 ipsum
1548 1010 1814 1047 substantivum
1837 1008 1980 1050 ὀδνναῐ,
2001 1015 2040 1047 ut
2059 1016 2182 1047 notum
2206 1013 2335 1060 peritis

117 1070 234 1108 solum
265 1070 369 1108 huius
397 1071 463 1108 rei.
517 1071 723 1121 Stephanus
751 1072 906 1109 adnotat
932 1071 1000 1109 hoc
1028 1072 1250 1109 adiectivum
1277 1075 1474 1120 praeterea
1500 1071 1617 1108 solum
1646 1072 1744 1120 apud
1775 1071 2003 1108 Eustathium
2030 1073 2068 1108 in
2097 1085 2161 1109 usu
2186 1085 2277 1110 esse.

246 1132 454 1170 Promiscue
482 1134 519 1170 in
548 1146 613 1171 usu
642 1137 699 1171 est
725 1134 783 1171 vel
810 1134 848 1170 in
877 1134 1005 1171 eodem
1031 1133 1169 1171 scholio
1190 1145 1270 1171 cum
1289 1132 1595 1181 μεταλαμβάνειν
1614 1133 1725 1171 verbo
1746 1134 1895 1171 verbum
1916 1132 2145 1187 a'nodad'dvgt
2167 1134 2206 1181 ¹),
2226 1142 2335 1184 atque

118 1198 172 1235 ita
197 1198 441 1247 potissimum,
468 1202 507 1234 ut
533 1199 582 1235 sit

245 1259 282 1308 1)
309 1260 491 1297 verbum
519 1260 658 1298 verbo
685 1260 898 1305 reddere,
927 1273 959 1298 e.
988 1273 1022 1308 g.
1052 1261 1164 1298 A567
1195 1257 1378 1308 οἷάπτους]
1419 1262 1487 1295 εἰσί
1507 1259 1558 1304 δὲ,
1587 1263 1621 1295 οἳ
1640 1258 1978 1306 α’προσπελάστους
2001 1259 2281 1307 ἅποδιδόασιιν;
2301 1266 2337 1298 et

119 1321 243 1370 paullo
258 1332 375 1371 supra
396 1322 441 1359 de
462 1322 590 1359 eodem
609 1322 786 1359 vocabulo
805 1324 854 1364 εἰς
872 1320 940 1364 τοὶς
958 1320 1112 1369 ἰσχυράς
1130 1320 1424 1369 μεταλαμβάνει,
1444 1323 1467 1357 i.
1484 1333 1515 1358 e.
1535 1321 1754 1357 scholiastae
1775 1321 1838 1356 alii
1865 1319 2037 1363 τίάπτους
2057 1322 2131 1357 red
2144 1323 2250 1358 dunt
2269 1336 2335 1372 per

119 1381 470 1429 οἷπροσπελοὶστους,
496 1373 560 1419 alii
587 1395 655 1431 per
682 1382 836 1429 ἰσχυράς
863 1388 1026 1428 vertunt;
1064 1384 1181 1420 simm.
1212 1384 1324 1420 ,1591
1354 1385 1457 1419 Δ141
1492 1383 1601 1419 2506
1631 1384 1725 1418 1404
1750 1383 1860 1419 K226
1880 1384 2007 1427 ΛῙὸῑ),
2039 1385 2112 1420 754
2133 1384 2233 1429 584,
2267 1388 2334 1422 117

118 1442 230 1481 11407
263 1443 377 1482 ³11139
403 1444 526 1483 9753.

242 1507 281 1552 2)
309 1507 559 1544 subaudire
588 1509 695 1544 13701
726 1506 929 1554 Δάρδανος
956 1504 1062 1555 ἀνὴρ]
1106 1506 1139 1543 οἱ
1164 1511 1233 1554 μὲν
1258 1510 1417 1544 Αἰνείαν
1444 1506 1699 1551 α’πέδοσαν,
1740 1505 1794 1542 ὅτι
1822 1506 1994 1551 βασιλεῖς
2024 1510 2068 1554 ἠν
2094 1508 2335 1553 Δαρδανίων,

119 1567 141 1604 i.
166 1579 196 1604 e.
228 1569 389 1605 Aeneam
418 1580 498 1606 esse
527 1568 753 1606 Dardanium
782 1567 883 1604 illum
913 1568 1029 1605 virum
1055 1568 1221 1606 nonnulli
1247 1568 1610 1606 subandiverunt
1636 1569 1713 1605 sive
1741 1568 2053 1615 interpretati
2081 1572 2194 1606 sunt.

243 1627 284 1677 3)
315 1630 553 1679 complurium
598 1642 764 1667 versuum
804 1635 1061 1677 argumentum
1102 1630 1374 1680 paraphrasi
1413 1642 1642 1679 exponere
1683 1630 1759 1666 sive
1802 1629 2027 1666 reddere:
2077 1631 2184 1667 >3100
2226 1629 2337 1679 δῆσεν

120 1690 211 1739 α’ρῇς
238 1689 404 1741 οἷλκτῆρα
432 1691 623 1742 γενέσθαι]
651 1691 693 1729 τὸ
723 1693 852 1740 ἔδησεν
881 1690 1212 1730 α’ποδίδωσιν
1246 1689 1375 1735 οὕτως·
1410 1691 1429 1729 ὁ
1455 1692 1495 1730 δὲ
1519 1690 1681 1739 πόλεμος
1708 1689 1814 1740 (legit
1842 1690 1955 1738 igitur
1981 1689 2126 1739 ’Ἀρηςῼ
2154 1689 2219 1738 τήν
2245 1690 2336 1739 ‘'Mi”

119 1751 349 1801 α’φελόμενος
373 1753 597 1788 πανοπλίαν
623 1754 728 1802 ἔδησε
754 1766 828 1799 μου
856 1751 923 1802 τήν
949 1752 1093 1801 ἔξοδον,
1120 1753 1211 1789 ὥστε
1239 1752 1406 1800 α’λκτῆρα
1433 1752 1482 1799 μῆ
1510 1755 1685 1797 γενέσθαι
1699 1766 1712 1797 ;
1738 1753 1855 1788 simm.
1885 1753 2009 1787 11850.

242 1813 405 1850 Eandem
451 1814 521 1851 sibi
568 1819 723 1864 occupat
768 1816 840 1852 vim
880 1816 1149 1854 substantivum
1196 1813 1393 1867 dmidoffi
1434 1814 1530 1862 quod
1572 1814 1750 1863 scriptum
1790 1814 1943 1861 legimus
1990 1815 2099 1851 3450
2144 1811 2335 1863 ἐπίουρον]

119 1876 332 1926 Ζηνόδοτος
359 1876 407 1920 ὥς
431 1878 629 1926 ἐπίκουρον
652 1879 888 1928 ἐκδεχόμενος
914 1881 1072 1928 βασιλέα
1100 1885 1161 1917 καὶ
1188 1878 1338 1928 φύλακα
1368 1908 1375 1915 .
1406 1908 1413 1915 .
1444 1908 1449 1915 .
1481 1908 1488 1914 .
1517 1882 1700 1928 μέμνηται
1728 1880 1768 1916 δὲ
1794 1884 1856 1915 καὶ
1895 1879 2060 1926 Δίδυμος
2103 1880 2164 1921 τῆς
2210 1877 2335 1914 (ἰπο-

119 1936 304 1985 δόσεως,
333 1940 356 1976 i.
377 1952 408 1977 e.
437 1951 509 1976 non
536 1941 653 1977 solum
682 1941 889 1979 Zenodotus
917 1942 1010 1979 hanc
1039 1953 1164 1979 vocem
1205 1953 1271 1989 per
1298 1941 1455 1986 βασιλέα
1485 1945 1553 1978 etc.
1583 1941 1860 1988 interpretatur,
1901 1942 1966 1978 sed
2009 1942 2119 1978 etiam
2149 1941 2326 1989 Didymus

121 1999 223 2037 huius
251 2000 662 2050 interpretationis
690 2014 830 2041 memor
861 2001 966 2052 est.²)

241 2063 388 2117 Δῃλοῦν
426 2067 462 2101 et
500 2061 656 2117 Q&
693 2064 822 2112 (semel
851 2066 955 2112 Λ86)
995 2077 1138 2114 qnoque
1177 2065 1452 2102 accuratissimo
1495 2064 1696 2113 explicavit
1732 2064 1953 2102 Leidenroth
1995 2078 2023 2101 s.
2046 2078 2091 2109 v.,
2134 2070 2172 2101 nt
2214 2065 2331 2102 relata

120 2128 306 2167 rettulisse
331 2129 502 2167 sufficiat.
558 2130 734 2178 Ληλοῖν
762 2131 873 2179 igitur
902 2135 958 2168 est

246 2192 283 2240 1)
311 2192 605 2229 manifestum
651 2194 859 2239 reddere,
904 2194 1079 2236 iudicare,
1122 2194 1266 2235 docere,
1310 2192 1525 2240 ubicumque
1555 2193 1786 2229 coniunctum
1814 2196 1869 2229 est
1896 2205 1963 2240 per
1991 2194 2044 2228 ὅτι
2077 2205 2156 2229 cum
2185 2197 2337 2229 senten-

119 2255 172 2293 tia
199 2254 388 2305 pendenti,
417 2268 448 2293 e.
469 2268 503 2303 g.
532 2256 655 2300 3686,
685 2259 748 2293 aut
775 2269 855 2294 cum
884 2257 1091 2294 accusativo
1120 2256 1246 2295 (1532.

243 2315 283 2363 2)
314 2316 478 2353 indicare
507 2328 538 2353 e.
563 2329 597 2363 g.
625 2318 736 2365 X41;

242 2377 281 2426 3)
309 2377 522 2425 significare
551 2391 582 2415 e.
603 2391 636 2425 g.
666 2379 781 2416 A528
809 2376 851 2428 ἦ]
880 2380 1038 2415 πλείονα
1066 2378 1184 2426 δηλοῖ;
1216 2376 1439 2424 σύνδεσμον,
1462 2376 1622 2424 ἄρθρον,
1652 2377 1893 2425 (ι’ντωννμιάν
1923 2384 1958 2416 ct
1985 2380 2102 2416 simm.
2120 2380 2333 2417 sescenties.

243 2438 384 2476 Deinde
426 2440 463 2476 iu
506 2439 632 2476 horum
676 2440 868 2477 verborum
905 2451 1055 2477 numero
1086 2440 1290 2477 habendum
1319 2443 1375 2476 est
1404 2439 1550 2476 verbum
1579 2440 1774 2492 Q&
1803 2443 1839 2476 et
1866 2452 1958 2488 quae
1988 2441 2072 2477 inde
2103 2441 2334 2477 deducuntur

120 2505 284 2555 phrases.

246 2630 269 2669 ¹)
291 2630 361 2661 vide
382 2629 571 2660 Leidenroth
591 2630 612 2661 1.
634 2639 659 2661 c.
683 2640 707 2660 s.
729 2640 758 2661 v.

244 2681 268 2721 ¹)
290 2680 375 2720 Quae
401 2690 471 2713 cum
491 2680 539 2712 ita
560 2680 635 2717 sint,
667 2684 704 2712 ut
724 2682 805 2721 apud
827 2681 918 2714 huius
939 2681 1011 2713 libri
1032 2681 1154 2720 quidem
1181 2680 1364 2713 scholiastas
1385 2685 1418 2711 et
1441 2680 1622 2710 ἀποδιδόναι
1646 2686 1678 2712 et
1701 2681 1856 2715 ἀπόδοσις.
1879 2681 1940 2712 nisi
1964 2686 2037 2712 sunt
2058 2681 2258 2720 interpretari
2286 2688 2341 2712 aut

118 2734 345 2774 interpretatio,
369 2734 491 2765 omnino
508 2743 568 2764 non
584 2733 789 2772 reperiantur,
811 2734 948 2766 dubitari
968 2743 1056 2773 posse
1071 2743 1131 2765 non
1147 2734 1278 2770 videtur,
1301 2734 1374 2772 quin
1391 2733 1528 2772 spurium
1551 2735 1593 2764 sit
1615 2733 1752 2764 Bekkeri
1774 2733 1849 2764 illud
1872 2734 2017 2767 ιῖπόδοσις
2045 2733 2077 2763 in
2100 2733 2212 2764 scholio
2244 2733 2339 2764 5330.

118 2785 184 2817 Hoc
200 2785 288 2817 -enim
309 2785 374 2816 loco
395 2793 464 2816 cum
485 2793 547 2815 non
567 2784 604 2815 de
626 2784 882 2824 interpretatione
913 2785 1085 2822 verborum,
1118 2785 1170 2816 sed
1192 2785 1228 2815 de
1251 2784 1367 2824 periodi
1396 2787 1553 2815 structura
1585 2793 1636 2815 res
1665 2784 1715 2821 sit,
1749 2784 1822 2823 quia
1844 2784 1959 2823 periodi
1988 2793 2058 2823 pars
2079 2792 2192 2823 regens
2222 2783 2337 2822 alioqui

119 2836 321 2871 ιῖνταπόδοσις
340 2836 402 2867 dici
423 2836 511 2874 solet,
534 2835 735 2870 ἄνταπόδοσις
755 2837 961 2875 reponendum
983 2836 1114 2868 videtur.
1159 2837 1202 2867 De
1225 2836 1427 2869 α’νταπόδοσις
1454 2840 1558 2866 autem
1581 2841 1614 2866 et
1636 2835 1875 2865 ἀνταποδιδόναι
1898 2835 1966 2866 vide
1989 2835 2176 2866 Leidenroth
2200 2836 2219 2867 l.
2232 2844 2257 2867 c.
2270 2844 2338 2867 s.v.

105 2891 153 2930 ,et
173 2887 332 2926 Heubach,
353 2886 533 2920 dissertatio
554 2886 651 2919 Jenae
675 2886 755 2919 1885
777 2896 842 2920 s.v.
885 2887 1001 2920 Contra
1022 2887 1194 2928 Stephanus
1217 2897 1240 2918 s.
1254 2896 1282 2919 v,
1306 2886 1489 2916 ἀποδιδόναι
1510 2896 1538 2927 p.
1566 2887 1643 2916 1417
1666 2890 1699 2916 et
1723 2885 1866 2920 α’πόδοσις
1887 2896 1915 2925 p.
1939 2886 2029 2916 1424.

2218 2948 2236 2977 2
