2510 3250
1187 159 1235 197 18

614 722 760 770 Index
798 722 1126 770 vocabulorum
1163 725 1209 769 et
1245 723 1485 769 notionum
1525 725 1571 769 et
1607 721 1823 770 locorum.

96 932 289 969 Ἀδιανόητος
308 933 466 970 obscurus,
495 941 557 963 nou
578 935 706 971 apertus
727 933 767 963 ad
789 931 1028 971 intelligendum

98 983 223 1024 ἄκαιρος
252 982 459 1023 importunus,
492 982 627 1023 ineptus,
659 992 720 1015 non
751 992 841 1015 suum
868 982 901 1014 in
928 982 1029 1014 locum

221 1035 396 1066 translatus
459 1060 466 1066 .

98 1085 221 1117 ἆκοῦειν
251 1086 279 1117 1.
300 1085 467 1117 subaudire
552 1109 560 1117 .
1020 1109 1027 1116 .

251 1137 281 1168 2.
302 1135 439 1176 positum
460 1145 529 1168 esse
550 1145 604 1176 pro
626 1136 692 1168 sive
714 1108 893 1176 intelligere
915 1110 953 1168 de
1020 1163 1028 1170 .

248 1188 278 1219 3.
301 1187 459 1228 pertinere
481 1188 555 1219 ed
644 1211 651 1218 .

98 1239 352 1282 ἄμφιβιίλλεοθαι
374 1239 556 1280 ambignum
576 1239 645 1271 fieri
740 1263 749 1271 .

97 1291 270 1332 ἀμφιβολία
292 1290 496 1332 ambiguitas,
518 1291 689 1323 difficultas
709 1263 941 1331 interpretandi

98 1343 270 1384 ἀμφίβολος
291 1342 404 1382 (-λως)
426 1341 603 1383 ambiguis,
623 1342 772 1383 ambigue
831 1366 839 1375 .

98 1394 323 1437 ἀνάρμοστος.
348 1418 355 1424 .
380 1394 536 1434 .ineptus

98 1445 317 1488 ἀπαγορεύειν
337 1446 499 1479 ιᾱνθηῆῐὶ
550 1469 557 1477 .

99 1497 255 1532 ἄπὶθανος
276 1497 343 1529 sive
366 1497 421 1529 ουκ
441 1497 597 1532 ἀπίθανος
647 1521 655 1529 .
835 1523 842 1530 .

285 1549 345 1581 fide
367 1548 516 1589 indignus
537 1548 603 1581 sive
624 1558 686 1581 non
707 1549 874 1589 indignus:

223 1603 253 1633 1.
274 1601 313 1633 de
334 1600 519 1633 lectionibus
539 1600 705 1640 probandis

223 1654 253 1686 2.
275 1654 313 1685 de
335 1652 471 1684 athenasi

223 1706 252 1737 3.
275 1704 313 1735 de
335 1702 594 1743 interpretatione

224 1757 254 1789 4.
276 1756 315 1788 de
336 1755 466 1796 syllabis
485 1754 709 1796 coniungendis

224 1808 254 1840 ὁ
275 1807 314 1838 de
335 1806 428 1838 rebus
449 1805 636 1846 prosodiacis

99 1858 285 1890 ἀποδιδόναι
308 1859 338 1891 1.
358 1857 487 1889 verbnm
507 1857 601 1889 verbo
622 1857 750 1889 reddere

308 1910 337 1943 2.
360 1908 563 1941 subaudire.
647 1933 656 1942 .
927 1935 934 1941 .

307 1962 338 1993 3.
360 1961 477 2001 periodi
499 1965 722 2002 argumentum
743 1970 894 2001 exponere
926 1986 934 1994 .

99 2014 246 2049 ἀπόδοσις
266 2012 487 2053 interpretatio
554 2036 562 2044 .

99 2066 340 2106 ἀποδοκιμάζειν
360 2065 527 2103 reprobare
553 2088 561 2096 .

99 2117 239 2157 ἀρέσκειν
258 2117 382 2157 placere
556 2140 563 2147 .
650 2138 657 2147 .
743 2138 751 2146 .
835 2139 842 2147 .
929 2138 936 2146 .
1023 2138 1029 2146 .

100 2167 247 2210 ἅρμόζειν
268 2169 431 2207 quadrare,
458 2176 641 2208 congruere,
669 2176 794 2199 sensum
822 2177 882 2199 non
903 2167 1030 2199 turbare

226 2221 254 2251 1.
277 2220 315 2251 de
348 2219 483 2260 singulis
513 2218 640 2251 vocibus
676 2226 800 2250 sensum
833 2218 1032 2251 turbantibus

287 2276 344 2303 ant
363 2281 425 2303 non
446 2270 646 2303 turbantibus

225 2323 255 2356 2.
278 2323 317 2355 ab
338 2322 471 2355 alicuius
493 2321 630 2355 moribus
650 2322 800 2360 diversus,
823 2330 884 2353 non
905 2330 1031 2353 consen-

288 2381 402 2408 tanens

226 2428 255 2458 3.
278 2428 316 2459 de
337 2427 481 2459 versibus
510 2428 550 2459 ab
577 2427 639 2459 alio
666 2427 731 2458 loco
760 2431 834 2466 apte
855 2427 906 2457 vel
927 2426 1033 2466 inepte

286 2478 454 2511 translatis

100 2530 297 2571 ἅρμοζόντος
317 2532 403 2569 apte,
423 2533 508 2561 recte
560 2554 567 2561 .

101 2582 216 2624 ἄχαρις
236 2580 304 2614 sive
326 2581 381 2612 οὔκ
402 2580 517 2622 ἄχαρις
537 2552 687 2621 ingratus
708 2580 774 2612 sive
789 2554 873 2612 haud
887 2580 1033 2620 ingratus

100 2632 320 2675 γραμματικὸς
340 2630 395 2672 qni
415 2630 539 2663 indiciis
567 2631 750 2670 quibusdam
778 2640 845 2663 rem
874 2631 1035 2672 diiudicat,

225 2684 311 2717 idem
332 2684 413 2725 quod
433 2683 566 2724 κριτικὸς

100 2736 231 2773 δεόντως
250 2736 426 2770 necessario
461 2759 470 2768 .
649 2761 656 2768 .
930 2759 936 2767 .
1015 2760 1024 2769 .

229 2790 256 2820 1.
279 2789 317 2820 de
338 2787 480 2820 versibus
501 2797 557 2819 sno
571 2788 636 2820 loco
651 2787 763 2827 positis
776 2791 833 2819 sut
846 2797 908 2820 non
921 2787 1032 2827 positis

226 2840 256 2870 2.
279 2839 318 2871 de
339 2838 480 2871 versibus
501 2842 619 2871 temere
641 2838 806 2872 nnuslstis
837 2862 844 2872 .

1079 845 1105 869 1>-

1098 2529 1137 2560 13

1097 2581 1137 2612 16

1024 2839 1137 2871 ,16

1279 933 1427 973 δέχεσθαι
1450 933 1478 963 1.
1500 932 1627 970 probare

1444 983 1473 1015 2.
1495 981 1635 1022 accipere
1729 1005 1739 1015 .
2008 1005 2015 1014 .

1444 1035 1473 1065 3.
1495 1034 1612 1066 referre
1633 1034 1682 1071 ad,
1704 1033 1884 1075 intelligere
1905 1006 1943 1066 de
2002 1061 2010 1068 .

1279 1087 1389 1124 δηλοῦν
1413 1086 1442 1118 1.
1464 1085 1666 1117 manifestum
1687 1086 1825 1124 reddere.
1845 1086 2022 1125 patefacere

1412 1136 1442 1168 2.
1464 1136 1600 1168 indicare
1636 1160 1644 1169 .

1412 1187 1442 1220 3.
1464 1187 1641 1228 significare

1279 1240 1405 1279 δὴλωσις
1426 1238 1615 1281 significatio
1638 1262 1646 1271 .
2103 1262 2111 1271 .

1279 1294 1446 1331 διακρίνειν
1465 1290 1706 1331 ambiguitatem
1727 1291 1893 1329 diudicare,
1915 1292 2033 1324 solvere
2103 1316 2110 1324 .
2195 1314 2204 1323 .

1279 1342 1501 1384 διαλαμβάνειν
1522 1342 1707 1381 disceptare,
1735 1342 1889 1375 disserere
1909 1343 1948 1375 de
1969 1342 2074 1382 aliqua
2094 1351 2128 1374 re
2197 1367 2203 1374 .

1280 1394 1403 1425 διανοια
1425 1393 1575 1427 sermonis
1595 1397 1761 1427 contextus
1781 1398 1816 1427 et
1836 1394 2029 1427 continuatio

1279 1447 1493 1486 διασημαίνειν
1511 1445 1690 1486 significare
1732 1471 1740 1480 .

1279 1496 1571 1538 δυσαετάληπιοςᾱι’
1576 1498 1747 1530 ficillimnm
1759 1471 1925 1536 translatu,
1936 1497 1957 1531 i.
1968 1508 1997 1538 q.
2008 1497 2092 1531 verti
2100 1497 2205 1530 velal—

1403 1551 1471 1581 tero
1485 1549 1632 1581 vocabulo
1643 1549 1814 1589 explanari.
1827 1549 2013 1581 commutari
2029 1559 2090 1582 non
2103 1552 2207 1589 potest

1279 1600 1461 1642 ἐκδέχεσθαι
1481 1599 1631 1640 8061901·θῇ
1651 1599 1829 1641 intelligere

1405 1653 1432 1684 1.
1455 1652 1493 1683 de
1515 1651 1632 1691 periodi
1650 1656 1836 1692 argumento
2010 1679 2017 1686 .
2103 1676 2111 1684 .

1403 1704 1432 1734 2.
1454 1703 1493 1735 de
1515 1703 1710 1744 singulorum
1730 1703 1948 1734 vocabulorum
1969 1711 2062 1734 sensu
2103 1729 2111 1736 .

1405 1756 1435 1788 3.
1457 1756 1495 1787 de
1516 1754 1735 1787 vocabulorum
1756 1754 1864 1787 formis
1884 1753 2126 1794 interpretandis

1403 1808 1433 1838 4.
1454 1807 1492 1838 de
1516 1805 1650 1846 siugulis
1671 1805 1789 1837 litteris
1810 1805 2000 1846 explicandis
2105 1830 2113 1837 .
2198 1830 2205 1838 .

1403 1860 1431 1889 5.
1454 1858 1491 1890 de
1513 1857 1642 1898 syllabis
1662 1857 1886 1898 coniungendis
1907 1860 1964 1889 ant
1983 1857 2164 1889 dirimendis
2195 1881 2203 1890 .

1403 1910 1432 1942 6.
1454 1909 1492 1942 de
1513 1909 1638 1942 vocibus
1658 1908 1836 1949 compositis
1857 1912 1915 1942 aut
1934 1918 1995 1941 non
2015 1918 2111 1949 comp.

1405 1962 1433 1994 7.
1455 1962 1493 1993 de
1514 1961 1678 1993 verborum
1699 1960 1819 2002 origine

1280 2013 1483 2056 ἐκλαμβάνειν
1504 2013 1641 2053 accipere
1662 2012 1827 2045 subaudire

1280 2065 1477 2102 ἐξακούεσθαι
1499 2065 1640 2097 exaudiri
1826 2088 1835 2096 .
1919 2088 1926 2095 .
2012 2088 2020 2096 .

1281 2119 1385 2148 ἔννοια
1406 2115 1557 2149 sermonis
1577 2120 1742 2147 contextus
1762 2119 1797 2147 et
1817 2115 2009 2147 continuatio

1281 2170 1452 2209 ἐπικρατεῖν
1473 2166 1566 2199 lectio
1586 2166 1748 2207 pervincit,
1770 2168 1931 2207 praevalet

1282 2220 1447 2262 ἐπικρίνειν
1467 2222 1538 2259 post
1558 2219 1693 2251 alterum
1715 2218 1851 2251 iudicare
1920 2245 1927 2252 .

1283 2272 1405 2309 εὖδηλος
1425 2271 1622 2310 manifestus,
1645 2275 1772 2311 apertus
1830 2295 1836 2302 .

1282 2322 1418 2365 εὖπρινής
1438 2323 1551 2360 clarus,
1572 2322 1724 2354 dilucidus

1283 2375 1400 2414 chelric
1419 2375 1503 2414 vilis,
1525 2375 1638 2415 tennis,
1659 2384 1784 2416 pravus,
1805 2375 1922 2408 stultus
2198 2400 2205 2408 .

1408 2428 1435 2460 1.
1457 2427 1495 2458 de
1515 2426 1641 2458 vocibus
1662 2426 1789 2457 Homeri
1816 2426 1936 2457 dicendi
1965 2426 2036 2457 usui
2056 2435 2117 2457 non
2137 2435 2207 2457 con-

1458 2476 1617 2510 sentsneis

1407 2530 1436 2560 2.
1458 2529 1495 2560 de
1516 2528 1656 2560 versibus
1676 2528 1798 2560 vitiosis
1827 2551 1834 2559 .

1283 2580 1435 2621 εὔφραδῆς
1455 2579 1599 2619 prudens,
1620 2579 1717 2611 bonus
1827 2603 1834 2611 .
1919 2604 1926 2613 .

1286 2630 1429 2673 ἡγεῖσθαι
1450 2631 1564 2664 habere
1584 2639 1649 2671 pro,
1671 2630 1873 2671 interpretari
1920 2654 1928 2663 .

1283 2681 1503 2717 κακοσὺνθετος
1523 2682 1604 2714 male
1625 2682 1812 2723 compositus

1283 2738 1382 2769 κακῶς
1402 2735 1509 2773 stulte,
1530 2733 1642 2766 vitiose
1827 2759 1835 2768 .
1920 2759 1928 2768 .
2012 2760 2019 2768 .
2104 2759 2111 2767 .

1411 2788 1436 2820 1.
1459 2787 1496 2817 de
1518 2786 1657 2818 versibus
1678 2786 1775 2818 alium
1797 2788 1829 2819 in
1851 2788 1950 2819 locum
1972 2788 2137 2822 translatis

1408 2838 1439 2870 2.
1460 2838 1497 2868 de
1519 2837 1714 2872 athetesibus

2198 2656 2311 2717 {1⁶

2198 2759 2205 2767 .
2271 2736 2311 2769 14

2245 844 2274 867 Ῥ

2284 931 2308 1166 &wama

2287 1187 2308 1476 t-tffihssoeffi

2269 1446 2285 1476 μ

2287 1550 2308 1941 acoenonoetus·

2271 1963 2311 2408 Φιβριρἱθῑθδαὶα]

2271 2376 2288 2408 Η

2198 2581 2311 2613 ,16
